%YAML 1.1
%TAG !u! tag:unity3d.com,2011:
--- !u!1001 &100100000
Prefab:
  serializedVersion: 2
  m_ObjectHideFlags: 0
  m_Modification:
    m_TransformParent: {fileID: 0}
    m_Modifications: []
    m_RemovedComponents: []
  m_ParentPrefab: {fileID: 0}
  m_RootGameObject: {fileID: 1701970625687375}
  m_IsPrefabParent: 1
--- !u!1 &1701970625687375
GameObject:
  serializedVersion: 5
  m_ObjectHideFlags: 0
  m_PrefabParentObject: {fileID: 0}
  m_PrefabInternal: {fileID: 100100000}
  m_Component:
  - component: {fileID: 4920731885384749}
  - component: {fileID: 54147696364168849}
  - component: {fileID: 135814982112874431}
  - component: {fileID: 75348288317342905}
  - component: {fileID: 153115398940713731}
  - component: {fileID: 145620439782474243}
  - component: {fileID: 114025917061548672}
  - component: {fileID: 114906789409163847}
  m_Layer: 8
  m_Name: Elf
  m_TagString: Untagged
  m_Icon: {fileID: 0}
  m_NavMeshLayer: 0
  m_StaticEditorFlags: 0
  m_IsActive: 1
--- !u!4 &4920731885384749
Transform:
  m_ObjectHideFlags: 0
  m_PrefabParentObject: {fileID: 0}
  m_PrefabInternal: {fileID: 100100000}
  m_GameObject: {fileID: 1701970625687375}
  m_LocalRotation: {x: 0, y: 0, z: 0, w: 1}
  m_LocalPosition: {x: 0, y: 0, z: 0}
  m_LocalScale: {x: 1, y: 1, z: 1}
  m_Children:
  - {fileID: 4815716544096166}
  - {fileID: 4147341695157916}
  - {fileID: 4369211720363721}
  - {fileID: 4062539388679865}
  m_Father: {fileID: 0}
  m_RootOrder: 0
  m_LocalEulerAnglesHint: {x: 0, y: -0, z: -0}
--- !u!54 &54147696364168849
Rigidbody:
  serializedVersion: 2
  m_ObjectHideFlags: 0
  m_PrefabParentObject: {fileID: 0}
  m_PrefabInternal: {fileID: 100100000}
  m_GameObject: {fileID: 1701970625687375}
  m_Mass: 1
  m_Drag: 10
  m_AngularDrag: 5
  m_UseGravity: 0
  m_IsKinematic: 0
  m_Interpolate: 0
  m_Constraints: 0
  m_CollisionDetection: 0
--- !u!135 &135814982112874431
SphereCollider:
  serializedVersion: 2
  m_ObjectHideFlags: 0
  m_PrefabParentObject: {fileID: 0}
  m_PrefabInternal: {fileID: 100100000}
  m_GameObject: {fileID: 1701970625687375}
  m_Material: {fileID: 0}
  m_IsTrigger: 0
  m_Enabled: 1
  m_Radius: 1.5
  m_Center: {x: 0, y: 3.7, z: 0}
--- !u!75 &75348288317342905
ConstantForce:
  m_ObjectHideFlags: 0
  m_PrefabParentObject: {fileID: 0}
  m_PrefabInternal: {fileID: 100100000}
  m_GameObject: {fileID: 1701970625687375}
  m_Enabled: 1
  m_Force: {x: 0, y: 0, z: 0}
  m_RelativeForce: {x: 0, y: 0, z: 0}
  m_Torque: {x: 0, y: 0, z: 0}
  m_RelativeTorque: {x: 0, y: 0, z: 0}
--- !u!153 &153115398940713731
ConfigurableJoint:
  serializedVersion: 2
  m_ObjectHideFlags: 0
  m_PrefabParentObject: {fileID: 0}
  m_PrefabInternal: {fileID: 100100000}
  m_GameObject: {fileID: 1701970625687375}
  m_ConnectedBody: {fileID: 0}
  m_Anchor: {x: 0, y: 1.8, z: 0}
  m_Axis: {x: 1, y: 0, z: 0}
  m_AutoConfigureConnectedAnchor: 1
  m_ConnectedAnchor: {x: 0, y: 1.8, z: 0}
  m_SecondaryAxis: {x: 0, y: 1, z: 0}
  m_XMotion: 0
  m_YMotion: 0
  m_ZMotion: 0
  m_AngularXMotion: 2
  m_AngularYMotion: 2
  m_AngularZMotion: 2
  m_LinearLimitSpring:
    spring: 0
    damper: 0
  m_LinearLimit:
    limit: 0
    bounciness: 0
    contactDistance: 0
  m_AngularXLimitSpring:
    spring: 5000
    damper: 1000
  m_LowAngularXLimit:
    limit: -10
    bounciness: 0
    contactDistance: 0
  m_HighAngularXLimit:
    limit: 5
    bounciness: 0
    contactDistance: 0
  m_AngularYZLimitSpring:
    spring: 5000
    damper: 1000
  m_AngularYLimit:
    limit: 0
    bounciness: 0
    contactDistance: 0
  m_AngularZLimit:
    limit: 13
    bounciness: 0
    contactDistance: 0
  m_TargetPosition: {x: 0, y: 0, z: 0}
  m_TargetVelocity: {x: 0, y: 0, z: 0}
  m_XDrive:
    serializedVersion: 3
    positionSpring: 0
    positionDamper: 0
    maximumForce: 3.4028233E+38
  m_YDrive:
    serializedVersion: 3
    positionSpring: 0
    positionDamper: 0
    maximumForce: 3.4028233E+38
  m_ZDrive:
    serializedVersion: 3
    positionSpring: 0
    positionDamper: 0
    maximumForce: 3.4028233E+38
  m_TargetRotation: {x: 0, y: 0, z: 0, w: 1}
  m_TargetAngularVelocity: {x: 0, y: 0, z: 0}
  m_RotationDriveMode: 1
  m_AngularXDrive:
    serializedVersion: 3
    positionSpring: 0
    positionDamper: 0
    maximumForce: 0
  m_AngularYZDrive:
    serializedVersion: 3
    positionSpring: 0
    positionDamper: 0
    maximumForce: 0
  m_SlerpDrive:
    serializedVersion: 3
    positionSpring: 50000
    positionDamper: 15
    maximumForce: 50000
  m_ProjectionMode: 0
  m_ProjectionDistance: 0.1
  m_ProjectionAngle: 180
  m_ConfiguredInWorldSpace: 0
  m_SwapBodies: 0
  m_BreakForce: Infinity
  m_BreakTorque: Infinity
  m_EnableCollision: 0
  m_EnablePreprocessing: 1
--- !u!145 &145620439782474243
SpringJoint:
  serializedVersion: 2
  m_ObjectHideFlags: 0
  m_PrefabParentObject: {fileID: 0}
  m_PrefabInternal: {fileID: 100100000}
  m_GameObject: {fileID: 1701970625687375}
  m_ConnectedBody: {fileID: 0}
  m_Anchor: {x: 0, y: 4.93, z: 0}
  m_AutoConfigureConnectedAnchor: 1
  m_ConnectedAnchor: {x: 0, y: 4.93, z: 0}
  m_Spring: 1000
  m_Damper: 20
  m_MinDistance: 0.6
  m_MaxDistance: 0
  m_Tolerance: 0.025
  m_BreakForce: Infinity
  m_BreakTorque: Infinity
  m_EnableCollision: 0
  m_EnablePreprocessing: 1
--- !u!114 &114025917061548672
MonoBehaviour:
  m_ObjectHideFlags: 0
  m_PrefabParentObject: {fileID: 0}
  m_PrefabInternal: {fileID: 100100000}
  m_GameObject: {fileID: 1701970625687375}
  m_Enabled: 1
  m_EditorHideFlags: 0
  m_Script: {fileID: 11500000, guid: 519636138da1f93dacb68edc8dd0f672, type: 3}
  m_Name:
  m_EditorClassIdentifier:
  m_minSpeedBeforeTorque: 7
  m_minTorque: 800
  m_maxTorque: 1000
  m_maxSpeedForTorque: 20
  m_driveMaxVel: 20
  m_driveMinForce: 2000
  m_driveMaxForce: 2000
  m_reverse: 1
  m_maxRotAngle: 55
  m_maxSpeedForRot: 30
  m_rotSmoothTime: 0.15
  m_replacements:
  - {fileID: 1326087555034958, guid: 6a5bea4c7009dbc48afa98b3206a9e72, type: 2}
  - {fileID: 1578219877978377, guid: 17788a6e7ac69e04aa5b7d43a7090131, type: 2}
  - {fileID: 1463239634013290, guid: d6c61480c133b154994b1e32b36b410e, type: 2}
  - {fileID: 1785819805165527, guid: d0447e4e7a5e5784ea84734ed14d0912, type: 2}
  - {fileID: 1042603570975996, guid: 307f145f072a04542b82baadfa48302e, type: 2}
  - {fileID: 1062965570442995, guid: ad116e4d3bca23547829fce284a1940c, type: 2}
  - {fileID: 1941737061194073, guid: 38d4037a641597342866a3ab06136798, type: 2}
  - {fileID: 1812294126505140, guid: 39282d36971e75d46ab7925c35d38d99, type: 2}
  - {fileID: 1227052786976090, guid: 845c0c2598d43a443af43144af75a59b, type: 2}
  - {fileID: 1279452945090143, guid: fff500a20be755545880330201ad04c1, type: 2}
  - {fileID: 1021153744820749, guid: 3547c2b33a446a943aec73bcef351ffd, type: 2}
  - {fileID: 1505154243865503, guid: 4b9a81148744c364d91852fb854956de, type: 2}
  - {fileID: 1882301636675492, guid: 997bc25a6caee6a459fef69c57e7c109, type: 2}
  - {fileID: 1437564208204769, guid: bfc990215f2c4094598a4d38a31b178f, type: 2}
  m_replacementsValues:
  - {fileID: 1513634889475639, guid: 39d7d508016598744a37bc228357c6f0, type: 2}
  - {fileID: 1869895930271503, guid: ed14dea1c8f31c04599f51b21a19c2e0, type: 2}
  - {fileID: 1882628764015933, guid: 4e21d957e90573147a03041fbf5679ef, type: 2}
  - {fileID: 1020938178410950, guid: 22e81d7ae5477b84fa7b8bf2fbd41842, type: 2}
  - {fileID: 1913497807321419, guid: bfce0c5236ade1f4e8239ee3345a7922, type: 2}
  - {fileID: 1890503062155287, guid: 840ef27a3aaa7e54aabcf984cc59f16e, type: 2}
  - {fileID: 1018237980624905, guid: 853f419190548784b91bf385c665249a, type: 2}
  - {fileID: 1436639030996342, guid: 70f7f58653453c145ac12bb306bc3380, type: 2}
  - {fileID: 1178378229742770, guid: 9093ba95890e1ca4aac1a2e4a2728b11, type: 2}
  - {fileID: 1018237980624905, guid: 853f419190548784b91bf385c665249a, type: 2}
  - {fileID: 1436639030996342, guid: 70f7f58653453c145ac12bb306bc3380, type: 2}
  - {fileID: 1178378229742770, guid: 9093ba95890e1ca4aac1a2e4a2728b11, type: 2}
  - {fileID: 1273965135091522, guid: 08c81fda3b08ae54aab09c30cd4127ca, type: 2}
  - {fileID: 1347934032921324, guid: d918e26c12540f14980ba12b5121f054, type: 2}
  m_materialReplacements: []
  m_materialReplacementsValues: []
  m_hexMaterialReplacements: []
  m_hexMaterialReplacementsValues: []
  m_setPieceReplacements: []
  m_setPieceReplacementsValues: []
  m_tilesetOverrides:
  - m_ignoreMe:
    m_toReplace: {fileID: 114300072187315270, guid: ea2cec18a4461e442be4c81eed9f51da, type: 2}
    m_replacement: {fileID: 114635890511185578, guid: 36bfeaf1f22c9fe4b9eed5bf4ccf635d, type: 2}
    m_chance: 1
  - m_ignoreMe:
    m_toReplace: {fileID: 114524567178287258, guid: f83f3d1e1d9d45c479bad1762fde8a57, type: 2}
    m_replacement: {fileID: 114635890511185578, guid: 36bfeaf1f22c9fe4b9eed5bf4ccf635d, type: 2}
    m_chance: 1
  - m_ignoreMe:
    m_toReplace: {fileID: 114224042674438150, guid: c93741dd16afa864c868d46a513c76b8, type: 2}
    m_replacement: {fileID: 114635890511185578, guid: 36bfeaf1f22c9fe4b9eed5bf4ccf635d, type: 2}
    m_chance: 1
  - m_ignoreMe:
    m_toReplace: {fileID: 114884192682730392, guid: ce1382d5ea760514ca154e24be1e8db9, type: 2}
    m_replacement: {fileID: 114635890511185578, guid: 36bfeaf1f22c9fe4b9eed5bf4ccf635d, type: 2}
    m_chance: 1
  - m_ignoreMe:
    m_toReplace: {fileID: 114605634674460928, guid: 89ce73cc5ef6f65448122feea147d1e4, type: 2}
    m_replacement: {fileID: 114635890511185578, guid: 36bfeaf1f22c9fe4b9eed5bf4ccf635d, type: 2}
    m_chance: 1
  - m_ignoreMe:
    m_toReplace: {fileID: 114761474039045212, guid: 477b6d52a5128754a8bd7ef64aeb925a, type: 2}
    m_replacement: {fileID: 114635890511185578, guid: 36bfeaf1f22c9fe4b9eed5bf4ccf635d, type: 2}
    m_chance: 1
  m_customUIPrefab: {fileID: 0}
  m_additions: []
  m_additionsValues: []
  m_colorize:
  - {fileID: 2100000, guid: bdea071064f662e4c85f25d5099eb782, type: 2}
  - {fileID: 2100000, guid: 9721e9449f8630b42a47c6fa1241b072, type: 2}
  - {fileID: 2100000, guid: 2d288982ec7b347499ec33f933e3a112, type: 2}
  - {fileID: 2100000, guid: 618baa8eb7cac2d40a5fe0978bc86818, type: 2}
  - {fileID: 2100000, guid: a89160079cfd3dd48af263e8fe2a7c90, type: 2}
  - {fileID: 2100000, guid: d3fd868fd440b7b4ca75da7c707bfb01, type: 2}
  m_colorizeValues:
  - {r: 0, g: 0.8235294, b: 0.55091304, a: 1}
  - {r: 1, g: 0, b: 0, a: 1}
  - {r: 0, g: 0.8235295, b: 0.54901963, a: 1}
  - {r: 1, g: 0.17647058, b: 0.17647058, a: 1}
  - {r: 0, g: 0.8235295, b: 0.54901963, a: 1}
  - {r: 0, g: 0.8235295, b: 0.54901963, a: 1}
  m_customShaderKeyword:
  m_monochromeBlack: {r: 0, g: 0, b: 0, a: 1}
  m_monochromeWhite: {r: 1, g: 1, b: 1, a: 1}
  m_monochromeScale: 1
  m_skyboxTexture: {fileID: 0}
  m_goldMaterial: {fileID: 0}
  m_onLoad:
    m_PersistentCalls:
      m_Calls: []
    m_TypeName: UnityEngine.Events.UnityEvent, UnityEngine, Version=0.0.0.0, Culture=neutral, PublicKeyToken=null
  m_onUnload:
    m_PersistentCalls:
      m_Calls: []
    m_TypeName: UnityEngine.Events.UnityEvent, UnityEngine, Version=0.0.0.0, Culture=neutral, PublicKeyToken=null
--- !u!114 &114906789409163847
MonoBehaviour:
  m_ObjectHideFlags: 0
  m_PrefabParentObject: {fileID: 0}
  m_PrefabInternal: {fileID: 100100000}
  m_GameObject: {fileID: 1701970625687375}
  m_Enabled: 1
  m_EditorHideFlags: 0
  m_Script: {fileID: 11500000, guid: f3700d0da111cce8685dbbf79aa8cf16, type: 3}
  m_Name:
  m_EditorClassIdentifier:
  m_position: {x: 0, y: 0, z: 0}
--- !u!1 &1082365921217186
GameObject:
  serializedVersion: 5
  m_ObjectHideFlags: 0
  m_PrefabParentObject: {fileID: 0}
  m_PrefabInternal: {fileID: 100100000}
  m_Component:
  - component: {fileID: 4815716544096166}
  - component: {fileID: 54084319378174432}
  - component: {fileID: 59584428827630641}
  m_Layer: 8
  m_Name: AntennaShoulder
  m_TagString: Untagged
  m_Icon: {fileID: 0}
  m_NavMeshLayer: 0
  m_StaticEditorFlags: 0
  m_IsActive: 1
--- !u!4 &4815716544096166
Transform:
  m_ObjectHideFlags: 0
  m_PrefabParentObject: {fileID: 0}
  m_PrefabInternal: {fileID: 100100000}
  m_GameObject: {fileID: 1082365921217186}
  m_LocalRotation: {x: 0, y: 0, z: 0, w: 1}
  m_LocalPosition: {x: 0, y: 2.73, z: 0.225}
  m_LocalScale: {x: 0.6, y: 0.6, z: 0.6}
  m_Children:
  - {fileID: 4719226859848275}
  m_Father: {fileID: 4920731885384749}
  m_RootOrder: 0
  m_LocalEulerAnglesHint: {x: 0, y: -0, z: -0}
--- !u!54 &54084319378174432
Rigidbody:
  serializedVersion: 2
  m_ObjectHideFlags: 0
  m_PrefabParentObject: {fileID: 0}
  m_PrefabInternal: {fileID: 100100000}
  m_GameObject: {fileID: 1082365921217186}
  m_Mass: 0.0001
  m_Drag: 1
  m_AngularDrag: 1
  m_UseGravity: 0
  m_IsKinematic: 0
  m_Interpolate: 0
  m_Constraints: 0
  m_CollisionDetection: 0
--- !u!59 &59584428827630641
HingeJoint:
  m_ObjectHideFlags: 0
  m_PrefabParentObject: {fileID: 0}
  m_PrefabInternal: {fileID: 100100000}
  m_GameObject: {fileID: 1082365921217186}
  m_ConnectedBody: {fileID: 54147696364168849}
  m_Anchor: {x: 0, y: 0, z: 0}
  m_Axis: {x: 0, y: 0, z: 1}
  m_AutoConfigureConnectedAnchor: 1
  m_ConnectedAnchor: {x: 0, y: 2.73, z: 0.225}
  m_UseSpring: 1
  m_Spring:
    spring: 100
    damper: 2
    targetPosition: 0
  m_UseMotor: 0
  m_Motor:
    targetVelocity: 0
    force: 0
    freeSpin: 0
  m_UseLimits: 1
  m_Limits:
    min: -12
    max: 12
    bounciness: 0
    bounceMinVelocity: 0.2
    contactDistance: 0
  m_BreakForce: Infinity
  m_BreakTorque: Infinity
  m_EnableCollision: 0
  m_EnablePreprocessing: 1
--- !u!1 &1372740746089648
GameObject:
  serializedVersion: 5
  m_ObjectHideFlags: 0
  m_PrefabParentObject: {fileID: 0}
  m_PrefabInternal: {fileID: 100100000}
  m_Component:
  - component: {fileID: 4719226859848275}
  - component: {fileID: 33840804516958634}
  - component: {fileID: 23148329371385670}
  - component: {fileID: 54717411688235555}
  - component: {fileID: 59202140640409870}
  m_Layer: 8
  m_Name: Antenna
  m_TagString: Untagged
  m_Icon: {fileID: 0}
  m_NavMeshLayer: 0
  m_StaticEditorFlags: 0
  m_IsActive: 1
--- !u!4 &4719226859848275
Transform:
  m_ObjectHideFlags: 0
  m_PrefabParentObject: {fileID: 0}
  m_PrefabInternal: {fileID: 100100000}
  m_GameObject: {fileID: 1372740746089648}
  m_LocalRotation: {x: 0, y: 0, z: 0, w: 1}
  m_LocalPosition: {x: 0, y: 0, z: 0}
  m_LocalScale: {x: 1, y: 1, z: 1}
  m_Children: []
  m_Father: {fileID: 4815716544096166}
  m_RootOrder: 0
  m_LocalEulerAnglesHint: {x: 0, y: -0, z: -0}
--- !u!33 &33840804516958634
MeshFilter:
  m_ObjectHideFlags: 0
  m_PrefabParentObject: {fileID: 0}
  m_PrefabInternal: {fileID: 100100000}
  m_GameObject: {fileID: 1372740746089648}
  m_Mesh: {fileID: 4300000, guid: 7ed8e71867a7272409b2f25ef3f66dcb, type: 2}
--- !u!23 &23148329371385670
MeshRenderer:
  m_ObjectHideFlags: 0
  m_PrefabParentObject: {fileID: 0}
  m_PrefabInternal: {fileID: 100100000}
  m_GameObject: {fileID: 1372740746089648}
  m_Enabled: 1
  m_CastShadows: 1
  m_ReceiveShadows: 1
  m_MotionVectors: 1
  m_LightProbeUsage: 1
  m_ReflectionProbeUsage: 1
  m_Materials:
  - {fileID: 2100000, guid: 28a39822a374ff7489db8545658ffac7, type: 2}
  m_StaticBatchInfo:
    firstSubMesh: 0
    subMeshCount: 0
  m_StaticBatchRoot: {fileID: 0}
  m_ProbeAnchor: {fileID: 0}
  m_LightProbeVolumeOverride: {fileID: 0}
  m_ScaleInLightmap: 1
  m_PreserveUVs: 0
  m_IgnoreNormalsForChartDetection: 0
  m_ImportantGI: 0
  m_SelectedEditorRenderState: 3
  m_MinimumChartSize: 4
  m_AutoUVMaxDistance: 0.5
  m_AutoUVMaxAngle: 89
  m_LightmapParameters: {fileID: 0}
  m_SortingLayerID: 0
  m_SortingLayer: 0
  m_SortingOrder: 0
--- !u!54 &54717411688235555
Rigidbody:
  serializedVersion: 2
  m_ObjectHideFlags: 0
  m_PrefabParentObject: {fileID: 0}
  m_PrefabInternal: {fileID: 100100000}
  m_GameObject: {fileID: 1372740746089648}
  m_Mass: 0.0001
  m_Drag: 1
  m_AngularDrag: 1
  m_UseGravity: 0
  m_IsKinematic: 0
  m_Interpolate: 0
  m_Constraints: 0
  m_CollisionDetection: 0
--- !u!59 &59202140640409870
HingeJoint:
  m_ObjectHideFlags: 0
  m_PrefabParentObject: {fileID: 0}
  m_PrefabInternal: {fileID: 100100000}
  m_GameObject: {fileID: 1372740746089648}
  m_ConnectedBody: {fileID: 54084319378174432}
  m_Anchor: {x: 0, y: 0, z: 0}
  m_Axis: {x: 1, y: 0, z: 0}
  m_AutoConfigureConnectedAnchor: 1
  m_ConnectedAnchor: {x: 0, y: 0, z: 0}
  m_UseSpring: 1
  m_Spring:
    spring: 100
    damper: 2
    targetPosition: 0
  m_UseMotor: 0
  m_Motor:
    targetVelocity: 0
    force: 0
    freeSpin: 0
  m_UseLimits: 1
  m_Limits:
    min: -8
    max: 10
    bounciness: 0
    bounceMinVelocity: 0.2
    contactDistance: 0
  m_BreakForce: Infinity
  m_BreakTorque: Infinity
  m_EnableCollision: 0
  m_EnablePreprocessing: 1
--- !u!1 &1724722945764898
GameObject:
  serializedVersion: 5
  m_ObjectHideFlags: 0
  m_PrefabParentObject: {fileID: 0}
  m_PrefabInternal: {fileID: 100100000}
  m_Component:
  - component: {fileID: 4147341695157916}
  - component: {fileID: 54707101658308330}
  - component: {fileID: 59583580406725964}
  m_Layer: 8
  m_Name: LShoulder
  m_TagString: Untagged
  m_Icon: {fileID: 0}
  m_NavMeshLayer: 0
  m_StaticEditorFlags: 0
  m_IsActive: 1
--- !u!4 &4147341695157916
Transform:
  m_ObjectHideFlags: 0
  m_PrefabParentObject: {fileID: 0}
  m_PrefabInternal: {fileID: 100100000}
  m_GameObject: {fileID: 1724722945764898}
  m_LocalRotation: {x: 0, y: 0, z: 0, w: 1}
  m_LocalPosition: {x: 0.695, y: 1.73, z: 0}
  m_LocalScale: {x: 0.6, y: 0.6, z: 0.6}
  m_Children:
  - {fileID: 4515534008352930}
  m_Father: {fileID: 4920731885384749}
  m_RootOrder: 1
  m_LocalEulerAnglesHint: {x: 0, y: -0, z: -0}
--- !u!54 &54707101658308330
Rigidbody:
  serializedVersion: 2
  m_ObjectHideFlags: 0
  m_PrefabParentObject: {fileID: 0}
  m_PrefabInternal: {fileID: 100100000}
  m_GameObject: {fileID: 1724722945764898}
  m_Mass: 0.0001
  m_Drag: 0
  m_AngularDrag: 0
  m_UseGravity: 0
  m_IsKinematic: 0
  m_Interpolate: 0
  m_Constraints: 0
  m_CollisionDetection: 0
--- !u!59 &59583580406725964
HingeJoint:
  m_ObjectHideFlags: 0
  m_PrefabParentObject: {fileID: 0}
  m_PrefabInternal: {fileID: 100100000}
  m_GameObject: {fileID: 1724722945764898}
  m_ConnectedBody: {fileID: 54147696364168849}
  m_Anchor: {x: 0, y: 0, z: 0}
  m_Axis: {x: 0, y: 0, z: 1}
  m_AutoConfigureConnectedAnchor: 1
  m_ConnectedAnchor: {x: 0.695, y: 1.73, z: 0}
  m_UseSpring: 1
  m_Spring:
    spring: 80
    damper: 1
    targetPosition: 20
  m_UseMotor: 0
  m_Motor:
    targetVelocity: 0
    force: 0
    freeSpin: 0
  m_UseLimits: 1
  m_Limits:
    min: 0
    max: 150
    bounciness: 0
    bounceMinVelocity: 0.2
    contactDistance: 0
  m_BreakForce: Infinity
  m_BreakTorque: Infinity
  m_EnableCollision: 0
  m_EnablePreprocessing: 1
--- !u!1 &1890116911938020
GameObject:
  serializedVersion: 5
  m_ObjectHideFlags: 0
  m_PrefabParentObject: {fileID: 0}
  m_PrefabInternal: {fileID: 100100000}
  m_Component:
  - component: {fileID: 4515534008352930}
  - component: {fileID: 33162662192319220}
  - component: {fileID: 23426979667474791}
  - component: {fileID: 54928823516280048}
  - component: {fileID: 59053325641604798}
  - component: {fileID: 114535160365418110}
  m_Layer: 8
  m_Name: LArm
  m_TagString: Untagged
  m_Icon: {fileID: 0}
  m_NavMeshLayer: 0
  m_StaticEditorFlags: 0
  m_IsActive: 1
--- !u!4 &4515534008352930
Transform:
  m_ObjectHideFlags: 0
  m_PrefabParentObject: {fileID: 0}
  m_PrefabInternal: {fileID: 100100000}
  m_GameObject: {fileID: 1890116911938020}
  m_LocalRotation: {x: 0, y: 0, z: 0, w: 1}
  m_LocalPosition: {x: 0, y: 0, z: 0}
  m_LocalScale: {x: 1, y: 1, z: 1}
  m_Children: []
  m_Father: {fileID: 4147341695157916}
  m_RootOrder: 0
  m_LocalEulerAnglesHint: {x: 0, y: -0, z: -0}
--- !u!33 &33162662192319220
MeshFilter:
  m_ObjectHideFlags: 0
  m_PrefabParentObject: {fileID: 0}
  m_PrefabInternal: {fileID: 100100000}
  m_GameObject: {fileID: 1890116911938020}
  m_Mesh: {fileID: 4300000, guid: 2a835270bd67586478d616cc57365974, type: 2}
--- !u!23 &23426979667474791
MeshRenderer:
  m_ObjectHideFlags: 0
  m_PrefabParentObject: {fileID: 0}
  m_PrefabInternal: {fileID: 100100000}
  m_GameObject: {fileID: 1890116911938020}
  m_Enabled: 1
  m_CastShadows: 1
  m_ReceiveShadows: 1
  m_MotionVectors: 1
  m_LightProbeUsage: 1
  m_ReflectionProbeUsage: 1
  m_Materials:
  - {fileID: 2100000, guid: 28a39822a374ff7489db8545658ffac7, type: 2}
  m_StaticBatchInfo:
    firstSubMesh: 0
    subMeshCount: 0
  m_StaticBatchRoot: {fileID: 0}
  m_ProbeAnchor: {fileID: 0}
  m_LightProbeVolumeOverride: {fileID: 0}
  m_ScaleInLightmap: 1
  m_PreserveUVs: 0
  m_IgnoreNormalsForChartDetection: 0
  m_ImportantGI: 0
  m_SelectedEditorRenderState: 3
  m_MinimumChartSize: 4
  m_AutoUVMaxDistance: 0.5
  m_AutoUVMaxAngle: 89
  m_LightmapParameters: {fileID: 0}
  m_SortingLayerID: 0
  m_SortingLayer: 0
  m_SortingOrder: 0
--- !u!54 &54928823516280048
Rigidbody:
  serializedVersion: 2
  m_ObjectHideFlags: 0
  m_PrefabParentObject: {fileID: 0}
  m_PrefabInternal: {fileID: 100100000}
  m_GameObject: {fileID: 1890116911938020}
  m_Mass: 0.0001
  m_Drag: 0
  m_AngularDrag: 0
  m_UseGravity: 0
  m_IsKinematic: 0
  m_Interpolate: 0
  m_Constraints: 0
  m_CollisionDetection: 0
--- !u!59 &59053325641604798
HingeJoint:
  m_ObjectHideFlags: 0
  m_PrefabParentObject: {fileID: 0}
  m_PrefabInternal: {fileID: 100100000}
  m_GameObject: {fileID: 1890116911938020}
  m_ConnectedBody: {fileID: 54707101658308330}
  m_Anchor: {x: 0, y: 0.0022730827, z: 0}
  m_Axis: {x: 1, y: 0, z: 0}
  m_AutoConfigureConnectedAnchor: 1
  m_ConnectedAnchor: {x: 0, y: 0.0022731223, z: 0}
  m_UseSpring: 1
  m_Spring:
    spring: 80
    damper: 1
    targetPosition: 0
  m_UseMotor: 0
  m_Motor:
    targetVelocity: 0
    force: 0
    freeSpin: 0
  m_UseLimits: 1
  m_Limits:
    min: -130
    max: 130
    bounciness: 0
    bounceMinVelocity: 0.2
    contactDistance: 0
  m_BreakForce: Infinity
  m_BreakTorque: Infinity
  m_EnableCollision: 0
  m_EnablePreprocessing: 1
--- !u!114 &114535160365418110
MonoBehaviour:
  m_ObjectHideFlags: 0
  m_PrefabParentObject: {fileID: 0}
  m_PrefabInternal: {fileID: 100100000}
  m_GameObject: {fileID: 1890116911938020}
  m_Enabled: 1
  m_EditorHideFlags: 0
  m_Script: {fileID: 11500000, guid: f3700d0da111cce8685dbbf79aa8cf16, type: 3}
  m_Name:
  m_EditorClassIdentifier:
  m_position: {x: 0.25, y: -1.78, z: 0}
--- !u!1 &1997946696127361
GameObject:
  serializedVersion: 5
  m_ObjectHideFlags: 0
  m_PrefabParentObject: {fileID: 0}
  m_PrefabInternal: {fileID: 100100000}
  m_Component:
  - component: {fileID: 4369211720363721}
  - component: {fileID: 33349714781292996}
  - component: {fileID: 23032367025054891}
  m_Layer: 8
  m_Name: Player
  m_TagString: Untagged
  m_Icon: {fileID: 0}
  m_NavMeshLayer: 0
  m_StaticEditorFlags: 0
  m_IsActive: 1
--- !u!4 &4369211720363721
Transform:
  m_ObjectHideFlags: 0
  m_PrefabParentObject: {fileID: 0}
  m_PrefabInternal: {fileID: 100100000}
  m_GameObject: {fileID: 1997946696127361}
  m_LocalRotation: {x: 0, y: 0, z: 0, w: 1}
  m_LocalPosition: {x: 0, y: 0.16, z: 0}
  m_LocalScale: {x: 0.6, y: 0.6, z: 0.6}
  m_Children: []
  m_Father: {fileID: 4920731885384749}
  m_RootOrder: 2
  m_LocalEulerAnglesHint: {x: 0, y: -0, z: -0}
--- !u!33 &33349714781292996
MeshFilter:
  m_ObjectHideFlags: 0
  m_PrefabParentObject: {fileID: 0}
  m_PrefabInternal: {fileID: 100100000}
  m_GameObject: {fileID: 1997946696127361}
  m_Mesh: {fileID: 4300000, guid: 575756304c727fe4e90677c1821c1446, type: 2}
--- !u!23 &23032367025054891
MeshRenderer:
  m_ObjectHideFlags: 0
  m_PrefabParentObject: {fileID: 0}
  m_PrefabInternal: {fileID: 100100000}
  m_GameObject: {fileID: 1997946696127361}
  m_Enabled: 1
  m_CastShadows: 1
  m_ReceiveShadows: 1
  m_MotionVectors: 1
  m_LightProbeUsage: 1
  m_ReflectionProbeUsage: 1
  m_Materials:
  - {fileID: 2100000, guid: 28a39822a374ff7489db8545658ffac7, type: 2}
  m_StaticBatchInfo:
    firstSubMesh: 0
    subMeshCount: 0
  m_StaticBatchRoot: {fileID: 0}
  m_ProbeAnchor: {fileID: 0}
  m_LightProbeVolumeOverride: {fileID: 0}
  m_ScaleInLightmap: 1
  m_PreserveUVs: 0
  m_IgnoreNormalsForChartDetection: 0
  m_ImportantGI: 0
  m_SelectedEditorRenderState: 3
  m_MinimumChartSize: 4
  m_AutoUVMaxDistance: 0.5
  m_AutoUVMaxAngle: 89
  m_LightmapParameters: {fileID: 0}
  m_SortingLayerID: 0
  m_SortingLayer: 0
  m_SortingOrder: 0
--- !u!1 &1608287728353145
GameObject:
  serializedVersion: 5
  m_ObjectHideFlags: 0
  m_PrefabParentObject: {fileID: 0}
  m_PrefabInternal: {fileID: 100100000}
  m_Component:
  - component: {fileID: 4062539388679865}
  - component: {fileID: 54045477111745945}
  - component: {fileID: 59780626325641930}
  m_Layer: 8
  m_Name: RShoulder
  m_TagString: Untagged
  m_Icon: {fileID: 0}
  m_NavMeshLayer: 0
  m_StaticEditorFlags: 0
  m_IsActive: 1
--- !u!4 &4062539388679865
Transform:
  m_ObjectHideFlags: 0
  m_PrefabParentObject: {fileID: 0}
  m_PrefabInternal: {fileID: 100100000}
  m_GameObject: {fileID: 1608287728353145}
  m_LocalRotation: {x: 0, y: 0, z: 0, w: 1}
  m_LocalPosition: {x: -0.67, y: 1.722, z: 0}
  m_LocalScale: {x: 0.6, y: 0.6, z: 0.6}
  m_Children:
  - {fileID: 4848056705340284}
  m_Father: {fileID: 4920731885384749}
  m_RootOrder: 3
  m_LocalEulerAnglesHint: {x: 0, y: -0, z: -0}
--- !u!54 &54045477111745945
Rigidbody:
  serializedVersion: 2
  m_ObjectHideFlags: 0
  m_PrefabParentObject: {fileID: 0}
  m_PrefabInternal: {fileID: 100100000}
  m_GameObject: {fileID: 1608287728353145}
  m_Mass: 0.0001
  m_Drag: 0
  m_AngularDrag: 0
  m_UseGravity: 0
  m_IsKinematic: 0
  m_Interpolate: 0
  m_Constraints: 0
  m_CollisionDetection: 0
--- !u!59 &59780626325641930
HingeJoint:
  m_ObjectHideFlags: 0
  m_PrefabParentObject: {fileID: 0}
  m_PrefabInternal: {fileID: 100100000}
  m_GameObject: {fileID: 1608287728353145}
  m_ConnectedBody: {fileID: 54147696364168849}
  m_Anchor: {x: 0, y: 0, z: 0}
  m_Axis: {x: 0, y: 0, z: 1}
  m_AutoConfigureConnectedAnchor: 1
  m_ConnectedAnchor: {x: -0.67, y: 1.722, z: 0}
  m_UseSpring: 1
  m_Spring:
    spring: 80
    damper: 1
    targetPosition: -20
  m_UseMotor: 0
  m_Motor:
    targetVelocity: 0
    force: 0
    freeSpin: 0
  m_UseLimits: 1
  m_Limits:
    min: -150
    max: 0
    bounciness: 0
    bounceMinVelocity: 0.2
    contactDistance: 0
  m_BreakForce: Infinity
  m_BreakTorque: Infinity
  m_EnableCollision: 0
  m_EnablePreprocessing: 1
--- !u!1 &1181398277456090
GameObject:
  serializedVersion: 5
  m_ObjectHideFlags: 0
  m_PrefabParentObject: {fileID: 0}
  m_PrefabInternal: {fileID: 100100000}
  m_Component:
  - component: {fileID: 4848056705340284}
  - component: {fileID: 33985844499397137}
  - component: {fileID: 23966557109546631}
  - component: {fileID: 54726604169186360}
  - component: {fileID: 59645542631250459}
  - component: {fileID: 114102626829416817}
  m_Layer: 8
  m_Name: RArm
  m_TagString: Untagged
  m_Icon: {fileID: 0}
  m_NavMeshLayer: 0
  m_StaticEditorFlags: 0
  m_IsActive: 1
--- !u!4 &4848056705340284
Transform:
  m_ObjectHideFlags: 0
  m_PrefabParentObject: {fileID: 0}
  m_PrefabInternal: {fileID: 100100000}
  m_GameObject: {fileID: 1181398277456090}
  m_LocalRotation: {x: 0, y: 0, z: -0.06111226, w: 0.9981309}
  m_LocalPosition: {x: 0, y: 0, z: 0}
  m_LocalScale: {x: 1, y: 1, z: 1}
  m_Children: []
  m_Father: {fileID: 4062539388679865}
  m_RootOrder: 0
  m_LocalEulerAnglesHint: {x: 0, y: -0, z: 7.0073147}
--- !u!33 &33985844499397137
MeshFilter:
  m_ObjectHideFlags: 0
  m_PrefabParentObject: {fileID: 0}
  m_PrefabInternal: {fileID: 100100000}
  m_GameObject: {fileID: 1181398277456090}
  m_Mesh: {fileID: 4300000, guid: 84938cebb7543f949a648e2eddfdb0ac, type: 2}
--- !u!23 &23966557109546631
MeshRenderer:
  m_ObjectHideFlags: 0
  m_PrefabParentObject: {fileID: 0}
  m_PrefabInternal: {fileID: 100100000}
  m_GameObject: {fileID: 1181398277456090}
  m_Enabled: 1
  m_CastShadows: 1
  m_ReceiveShadows: 1
  m_MotionVectors: 1
  m_LightProbeUsage: 1
  m_ReflectionProbeUsage: 1
  m_Materials:
  - {fileID: 2100000, guid: 28a39822a374ff7489db8545658ffac7, type: 2}
  m_StaticBatchInfo:
    firstSubMesh: 0
    subMeshCount: 0
  m_StaticBatchRoot: {fileID: 0}
  m_ProbeAnchor: {fileID: 0}
  m_LightProbeVolumeOverride: {fileID: 0}
  m_ScaleInLightmap: 1
  m_PreserveUVs: 0
  m_IgnoreNormalsForChartDetection: 0
  m_ImportantGI: 0
  m_SelectedEditorRenderState: 3
  m_MinimumChartSize: 4
  m_AutoUVMaxDistance: 0.5
  m_AutoUVMaxAngle: 89
  m_LightmapParameters: {fileID: 0}
  m_SortingLayerID: 0
  m_SortingLayer: 0
  m_SortingOrder: 0
--- !u!54 &54726604169186360
Rigidbody:
  serializedVersion: 2
  m_ObjectHideFlags: 0
  m_PrefabParentObject: {fileID: 0}
  m_PrefabInternal: {fileID: 100100000}
  m_GameObject: {fileID: 1181398277456090}
  m_Mass: 0.0001
  m_Drag: 0
  m_AngularDrag: 0
  m_UseGravity: 0
  m_IsKinematic: 0
  m_Interpolate: 0
  m_Constraints: 0
  m_CollisionDetection: 0
--- !u!59 &59645542631250459
HingeJoint:
  m_ObjectHideFlags: 0
  m_PrefabParentObject: {fileID: 0}
  m_PrefabInternal: {fileID: 100100000}
  m_GameObject: {fileID: 1181398277456090}
  m_ConnectedBody: {fileID: 54045477111745945}
  m_Anchor: {x: 0, y: 0.0022730827, z: 0}
  m_Axis: {x: 1, y: 0, z: 0}
  m_AutoConfigureConnectedAnchor: 1
  m_ConnectedAnchor: {x: 0.00027726093, y: 0.0022560358, z: 0}
  m_UseSpring: 1
  m_Spring:
    spring: 80
    damper: 1
    targetPosition: 0
  m_UseMotor: 0
  m_Motor:
    targetVelocity: 0
    force: 0
    freeSpin: 0
  m_UseLimits: 1
  m_Limits:
    min: -130
    max: 130
    bounciness: 0
    bounceMinVelocity: 0.2
    contactDistance: 0
  m_BreakForce: Infinity
  m_BreakTorque: Infinity
  m_EnableCollision: 0
  m_EnablePreprocessing: 1
--- !u!114 &114102626829416817
MonoBehaviour:
  m_ObjectHideFlags: 0
  m_PrefabParentObject: {fileID: 0}
  m_PrefabInternal: {fileID: 100100000}
  m_GameObject: {fileID: 1181398277456090}
  m_Enabled: 1
  m_EditorHideFlags: 0
  m_Script: {fileID: 11500000, guid: f3700d0da111cce8685dbbf79aa8cf16, type: 3}
  m_Name:
  m_EditorClassIdentifier:
  m_position: {x: -0.27, y: -1.81, z: 0}
