%YAML 1.1
%TAG !u! tag:unity3d.com,2011:
--- !u!1001 &100100000
Prefab:
  serializedVersion: 2
  m_ObjectHideFlags: 0
  m_Modification:
    m_TransformParent: {fileID: 0}
    m_Modifications: []
    m_RemovedComponents: []
  m_ParentPrefab: {fileID: 0}
  m_RootGameObject: {fileID: 1415161104957772}
  m_IsPrefabParent: 1
--- !u!1 &1415161104957772
GameObject:
  serializedVersion: 5
  m_ObjectHideFlags: 0
  m_PrefabParentObject: {fileID: 0}
  m_PrefabInternal: {fileID: 100100000}
  m_Component:
  - component: {fileID: 4946318612549415}
  - component: {fileID: 54925203117614467}
  - component: {fileID: 135211349605820078}
  - component: {fileID: 75469944204165709}
  - component: {fileID: 153816109231261832}
  - component: {fileID: 145893544708186232}
  - component: {fileID: 114060190083260512}
  - component: {fileID: 114966030001960838}
  m_Layer: 8
  m_Name: Rat
  m_TagString: Untagged
  m_Icon: {fileID: 0}
  m_NavMeshLayer: 0
  m_StaticEditorFlags: 0
  m_IsActive: 1
--- !u!4 &4946318612549415
Transform:
  m_ObjectHideFlags: 0
  m_PrefabParentObject: {fileID: 0}
  m_PrefabInternal: {fileID: 100100000}
  m_GameObject: {fileID: 1415161104957772}
  m_LocalRotation: {x: 0, y: 0, z: 0, w: 1}
  m_LocalPosition: {x: 0, y: 0, z: 0}
  m_LocalScale: {x: 1, y: 1, z: 1}
  m_Children:
  - {fileID: 4164430902893356}
  - {fileID: 4031920497636384}
  - {fileID: 4015758526889778}
  m_Father: {fileID: 0}
  m_RootOrder: 0
  m_LocalEulerAnglesHint: {x: 0, y: -0, z: -0}
--- !u!54 &54925203117614467
Rigidbody:
  serializedVersion: 2
  m_ObjectHideFlags: 0
  m_PrefabParentObject: {fileID: 0}
  m_PrefabInternal: {fileID: 100100000}
  m_GameObject: {fileID: 1415161104957772}
  m_Mass: 1
  m_Drag: 10
  m_AngularDrag: 5
  m_UseGravity: 0
  m_IsKinematic: 0
  m_Interpolate: 0
  m_Constraints: 0
  m_CollisionDetection: 0
--- !u!135 &135211349605820078
SphereCollider:
  serializedVersion: 2
  m_ObjectHideFlags: 0
  m_PrefabParentObject: {fileID: 0}
  m_PrefabInternal: {fileID: 100100000}
  m_GameObject: {fileID: 1415161104957772}
  m_Material: {fileID: 0}
  m_IsTrigger: 0
  m_Enabled: 1
  m_Radius: 1.5
  m_Center: {x: 0, y: 3.7, z: 0}
--- !u!75 &75469944204165709
ConstantForce:
  m_ObjectHideFlags: 0
  m_PrefabParentObject: {fileID: 0}
  m_PrefabInternal: {fileID: 100100000}
  m_GameObject: {fileID: 1415161104957772}
  m_Enabled: 1
  m_Force: {x: 0, y: 0, z: 0}
  m_RelativeForce: {x: 0, y: 0, z: 0}
  m_Torque: {x: 0, y: 0, z: 0}
  m_RelativeTorque: {x: 0, y: 0, z: 0}
--- !u!153 &153816109231261832
ConfigurableJoint:
  serializedVersion: 2
  m_ObjectHideFlags: 0
  m_PrefabParentObject: {fileID: 0}
  m_PrefabInternal: {fileID: 100100000}
  m_GameObject: {fileID: 1415161104957772}
  m_ConnectedBody: {fileID: 0}
  m_Anchor: {x: 0, y: 1.8, z: 0}
  m_Axis: {x: 1, y: 0, z: 0}
  m_AutoConfigureConnectedAnchor: 1
  m_ConnectedAnchor: {x: 0, y: 1.8, z: 0}
  m_SecondaryAxis: {x: 0, y: 1, z: 0}
  m_XMotion: 0
  m_YMotion: 0
  m_ZMotion: 0
  m_AngularXMotion: 2
  m_AngularYMotion: 2
  m_AngularZMotion: 2
  m_LinearLimitSpring:
    spring: 0
    damper: 0
  m_LinearLimit:
    limit: 0
    bounciness: 0
    contactDistance: 0
  m_AngularXLimitSpring:
    spring: 5000
    damper: 1000
  m_LowAngularXLimit:
    limit: -10
    bounciness: 0
    contactDistance: 0
  m_HighAngularXLimit:
    limit: 5
    bounciness: 0
    contactDistance: 0
  m_AngularYZLimitSpring:
    spring: 5000
    damper: 1000
  m_AngularYLimit:
    limit: 0
    bounciness: 0
    contactDistance: 0
  m_AngularZLimit:
    limit: 13
    bounciness: 0
    contactDistance: 0
  m_TargetPosition: {x: 0, y: 0, z: 0}
  m_TargetVelocity: {x: 0, y: 0, z: 0}
  m_XDrive:
    serializedVersion: 3
    positionSpring: 0
    positionDamper: 0
    maximumForce: 3.4028233E+38
  m_YDrive:
    serializedVersion: 3
    positionSpring: 0
    positionDamper: 0
    maximumForce: 3.4028233E+38
  m_ZDrive:
    serializedVersion: 3
    positionSpring: 0
    positionDamper: 0
    maximumForce: 3.4028233E+38
  m_TargetRotation: {x: 0, y: 0, z: 0, w: 1}
  m_TargetAngularVelocity: {x: 0, y: 0, z: 0}
  m_RotationDriveMode: 1
  m_AngularXDrive:
    serializedVersion: 3
    positionSpring: 0
    positionDamper: 0
    maximumForce: 0
  m_AngularYZDrive:
    serializedVersion: 3
    positionSpring: 0
    positionDamper: 0
    maximumForce: 0
  m_SlerpDrive:
    serializedVersion: 3
    positionSpring: 50000
    positionDamper: 15
    maximumForce: 50000
  m_ProjectionMode: 0
  m_ProjectionDistance: 0.1
  m_ProjectionAngle: 180
  m_ConfiguredInWorldSpace: 0
  m_SwapBodies: 0
  m_BreakForce: Infinity
  m_BreakTorque: Infinity
  m_EnableCollision: 0
  m_EnablePreprocessing: 1
--- !u!145 &145893544708186232
SpringJoint:
  serializedVersion: 2
  m_ObjectHideFlags: 0
  m_PrefabParentObject: {fileID: 0}
  m_PrefabInternal: {fileID: 100100000}
  m_GameObject: {fileID: 1415161104957772}
  m_ConnectedBody: {fileID: 0}
  m_Anchor: {x: 0, y: 4.93, z: 0}
  m_AutoConfigureConnectedAnchor: 1
  m_ConnectedAnchor: {x: 0, y: 4.93, z: 0}
  m_Spring: 1000
  m_Damper: 20
  m_MinDistance: 0.6
  m_MaxDistance: 0
  m_Tolerance: 0.025
  m_BreakForce: Infinity
  m_BreakTorque: Infinity
  m_EnableCollision: 0
  m_EnablePreprocessing: 1
--- !u!114 &114060190083260512
MonoBehaviour:
  m_ObjectHideFlags: 0
  m_PrefabParentObject: {fileID: 0}
  m_PrefabInternal: {fileID: 100100000}
  m_GameObject: {fileID: 1415161104957772}
  m_Enabled: 1
  m_EditorHideFlags: 0
  m_Script: {fileID: 11500000, guid: 519636138da1f93dacb68edc8dd0f672, type: 3}
  m_Name:
  m_EditorClassIdentifier:
  m_minSpeedBeforeTorque: 7
  m_minTorque: 800
  m_maxTorque: 1000
  m_maxSpeedForTorque: 20
  m_driveMaxVel: 20
  m_driveMinForce: 2000
  m_driveMaxForce: 2000
  m_reverse: 1
  m_maxRotAngle: 70
  m_maxSpeedForRot: 60
  m_rotSmoothTime: 0
  m_replacements:
  - {fileID: 1326087555034958, guid: 6a5bea4c7009dbc48afa98b3206a9e72, type: 2}
  - {fileID: 1082511792114844, guid: ec067fbcd6c08364fb275ca9aac1285c, type: 2}
  - {fileID: 1578219877978377, guid: 17788a6e7ac69e04aa5b7d43a7090131, type: 2}
  - {fileID: 1463239634013290, guid: d6c61480c133b154994b1e32b36b410e, type: 2}
  - {fileID: 1785819805165527, guid: d0447e4e7a5e5784ea84734ed14d0912, type: 2}
  - {fileID: 1042603570975996, guid: 307f145f072a04542b82baadfa48302e, type: 2}
  - {fileID: 1062965570442995, guid: ad116e4d3bca23547829fce284a1940c, type: 2}
  - {fileID: 1941737061194073, guid: 38d4037a641597342866a3ab06136798, type: 2}
  - {fileID: 1812294126505140, guid: 39282d36971e75d46ab7925c35d38d99, type: 2}
  - {fileID: 1443709866924554, guid: 3bbae8c8dca8ebc42aa14a09c4ee875b, type: 2}
  - {fileID: 1872234436776329, guid: 907953af8b7d721438e15ec35dc75836, type: 2}
  - {fileID: 1227052786976090, guid: 845c0c2598d43a443af43144af75a59b, type: 2}
  - {fileID: 1550696937711797, guid: 906d6ef6f982bcc49b8f1f47d8697be7, type: 2}
  - {fileID: 1220282751914974, guid: 8479a2a907a58de46be43ebb35924d24, type: 2}
  - {fileID: 1104649985996529, guid: b8da625fa78bd634eb2a636d9e2db0b7, type: 2}
  - {fileID: 1150825398905859, guid: ce00b171465a6944f96507d3a2c49590, type: 2}
  - {fileID: 1138501835385672, guid: eae141344b0ee8f4188461e5c421c2e7, type: 2}
  - {fileID: 1423674997788071, guid: ce333f7370fb8c948a9765d5a9952c4f, type: 2}
  - {fileID: 1653178310912784, guid: 757138f0e06ead24fbef024fee4ac9ed, type: 2}
  - {fileID: 1844820540806557, guid: 12cea6047bc13c84f82c37097a3c558e, type: 2}
  - {fileID: 1654251508473831, guid: c9898cab0955a0b4f8876509223e6f93, type: 2}
  - {fileID: 1735062435075698, guid: 288dfb738793b594794ca7ed12f27b65, type: 2}
  - {fileID: 1024906363752515, guid: aa39b9c3a2ecd1f4abf3131db781d83e, type: 2}
  - {fileID: 1919759510170902, guid: 5da8864ed55465d40842b3693c716cbc, type: 2}
  - {fileID: 1200448630419923, guid: ad5e33c00d8b5934d9d6a32e2b8f978e, type: 2}
  - {fileID: 1506389398389704, guid: c9c64e85d6eb7a24b8e6a76ac71ac6fd, type: 2}
  - {fileID: 1993329798868129, guid: d4ec6b4256d22fd47b207916c84c2726, type: 2}
  - {fileID: 1273560409779993, guid: 1abb29f73bae7994fb979aa3d556508b, type: 2}
  - {fileID: 1984543458622722, guid: 6f94588a5f5391b45a05f6f751f41291, type: 2}
  - {fileID: 1674750727827033, guid: a0d8b61751e4de248ab279aad6e4b745, type: 2}
  - {fileID: 1205199906574424, guid: ba266352860d6004881b70875fd4ed66, type: 2}
  - {fileID: 1379840923794822, guid: 12d2259e35f53484a8a62a522844ef7e, type: 2}
  - {fileID: 1411152714825592, guid: ce8d25a8e91dec94dbcd84648889820a, type: 2}
  - {fileID: 1924716837919279, guid: 086ff4428dfdf9742aed948a83f1d0f5, type: 2}
  - {fileID: 1279452945090143, guid: fff500a20be755545880330201ad04c1, type: 2}
  - {fileID: 1021153744820749, guid: 3547c2b33a446a943aec73bcef351ffd, type: 2}
  - {fileID: 1505154243865503, guid: 4b9a81148744c364d91852fb854956de, type: 2}
  - {fileID: 1954418759808945, guid: 440bc79bdb928ae4ca5f1460a6b11414, type: 2}
  - {fileID: 1159688079278934, guid: eaf1a930d9ddaef468fdeda58b6aac3a, type: 2}
  - {fileID: 1625367839945421, guid: 6f8a2ab9a012b7e41a419f98fdfd91da, type: 2}
  - {fileID: 1882301636675492, guid: 997bc25a6caee6a459fef69c57e7c109, type: 2}
  - {fileID: 1574176431887962, guid: ad45cfd55180570409c025caf7de5d33, type: 2}
  - {fileID: 1247680005281694, guid: 4ed55d3da0c60214e9978e99f9295fbc, type: 2}
  - {fileID: 1954482913668152, guid: 96b3f6b5278a5d34ebf6e2ae83a88f23, type: 2}
  - {fileID: 1817093624826864, guid: be5f768b3681df44fac25233031f5b42, type: 2}
  - {fileID: 1691392906092362, guid: 15f6ab7a1649c1242a606c1af0f27d08, type: 2}
  - {fileID: 1401073191992797, guid: f6e4397353278c342a725cfc1f066f3a, type: 2}
  - {fileID: 1390492237504470, guid: 16408dc9bb3c0f3409e0539a148635c4, type: 2}
  - {fileID: 1437564208204769, guid: bfc990215f2c4094598a4d38a31b178f, type: 2}
  m_replacementsValues:
  - {fileID: 1136620133754933, guid: e6243c6acc975bc4a95ce31e94a50ae0, type: 2}
  - {fileID: 1730011308566561, guid: ec85613c90408bf4e83afe18e2142158, type: 2}
  - {fileID: 1641423055077642, guid: 42ea7c60af7d3514cadf712a643103cd, type: 2}
  - {fileID: 1055098440819444, guid: dad58614f768bfa478b4f09638c6d699, type: 2}
  - {fileID: 1138245211487907, guid: b1199d62e90b7ee4c8176985eb7200fb, type: 2}
  - {fileID: 1054667741648172, guid: 78b60ac217e71e846953a16cfd12cdbf, type: 2}
  - {fileID: 1224729296746268, guid: 6fd379198f9920d4d912d8ee0b283095, type: 2}
  - {fileID: 1220475434760831, guid: 2710e8d13483d724c9bcf7252e49f477, type: 2}
  - {fileID: 1373805600951839, guid: ee800797d1e790344993a3b8c48b58e3, type: 2}
  - {fileID: 1618422430743636, guid: 574ca469a896d2941af754283eace40b, type: 2}
  - {fileID: 1713286107727367, guid: 26d434a651d5e1649a2bb7741a6fece7, type: 2}
  - {fileID: 1713286107727367, guid: 26d434a651d5e1649a2bb7741a6fece7, type: 2}
  - {fileID: 1622949943374882, guid: 724967f0fb4c32f44a5e36f8e3217104, type: 2}
  - {fileID: 1220475434760831, guid: 2710e8d13483d724c9bcf7252e49f477, type: 2}
  - {fileID: 1470878475964537, guid: 3fb0d455a2dbacc499eb5fd0a33ab582, type: 2}
  - {fileID: 1952463283955553, guid: 5449945dccda810429cacc3934fb72c1, type: 2}
  - {fileID: 1599771358525191, guid: 797592a1a9ef82748b7e8a6d408fcecf, type: 2}
  - {fileID: 1470878475964537, guid: 3fb0d455a2dbacc499eb5fd0a33ab582, type: 2}
  - {fileID: 1952463283955553, guid: 5449945dccda810429cacc3934fb72c1, type: 2}
  - {fileID: 1184785290019620, guid: 42354b707067eff4faa97b97399d56be, type: 2}
  - {fileID: 1397075669894492, guid: 85cccbe5283e42741960c897c806e4c4, type: 2}
  - {fileID: 1525312788773830, guid: fa46d2441a8eea445ada16549ddc8f8f, type: 2}
  - {fileID: 1117052018511440, guid: 81494b7fad6dec64291a66cbf28bb612, type: 2}
  - {fileID: 1252386070125083, guid: 5dcec8820c5675a4f963e4d22fc6514e, type: 2}
  - {fileID: 1220475434760831, guid: 2710e8d13483d724c9bcf7252e49f477, type: 2}
  - {fileID: 1872025305046832, guid: f151cb9a33908d04c8b347f43f10e8e5, type: 2}
  - {fileID: 1618422430743636, guid: 574ca469a896d2941af754283eace40b, type: 2}
  - {fileID: 1117052018511440, guid: 81494b7fad6dec64291a66cbf28bb612, type: 2}
  - {fileID: 1656961823062161, guid: f4241486dcee381479b8781cb6af4c5b, type: 2}
  - {fileID: 1656961823062161, guid: f4241486dcee381479b8781cb6af4c5b, type: 2}
  - {fileID: 1618422430743636, guid: 574ca469a896d2941af754283eace40b, type: 2}
  - {fileID: 1373805600951839, guid: ee800797d1e790344993a3b8c48b58e3, type: 2}
  - {fileID: 1713286107727367, guid: 26d434a651d5e1649a2bb7741a6fece7, type: 2}
  - {fileID: 1656961823062161, guid: f4241486dcee381479b8781cb6af4c5b, type: 2}
  - {fileID: 1220475434760831, guid: 2710e8d13483d724c9bcf7252e49f477, type: 2}
  - {fileID: 1373805600951839, guid: ee800797d1e790344993a3b8c48b58e3, type: 2}
  - {fileID: 1713286107727367, guid: 26d434a651d5e1649a2bb7741a6fece7, type: 2}
  - {fileID: 1618422430743636, guid: 574ca469a896d2941af754283eace40b, type: 2}
  - {fileID: 1872025305046832, guid: f151cb9a33908d04c8b347f43f10e8e5, type: 2}
  - {fileID: 1622949943374882, guid: 724967f0fb4c32f44a5e36f8e3217104, type: 2}
  - {fileID: 1117052018511440, guid: 81494b7fad6dec64291a66cbf28bb612, type: 2}
  - {fileID: 1656961823062161, guid: f4241486dcee381479b8781cb6af4c5b, type: 2}
  - {fileID: 1656961823062161, guid: f4241486dcee381479b8781cb6af4c5b, type: 2}
  - {fileID: 1656961823062161, guid: f4241486dcee381479b8781cb6af4c5b, type: 2}
  - {fileID: 1656961823062161, guid: f4241486dcee381479b8781cb6af4c5b, type: 2}
  - {fileID: 1656961823062161, guid: f4241486dcee381479b8781cb6af4c5b, type: 2}
  - {fileID: 1872025305046832, guid: f151cb9a33908d04c8b347f43f10e8e5, type: 2}
  - {fileID: 1618422430743636, guid: 574ca469a896d2941af754283eace40b, type: 2}
  - {fileID: 1347934032921324, guid: d918e26c12540f14980ba12b5121f054, type: 2}
  m_materialReplacements: []
  m_materialReplacementsValues: []
  m_hexMaterialReplacements: []
  m_hexMaterialReplacementsValues: []
  m_setPieceReplacements:
  - {fileID: 114475035389715602, guid: 2e7ecad444bc57f4288ee6d6623b5536, type: 2}
  - {fileID: 114353787041433162, guid: ee2a1e013a440484fa9f046e162a288f, type: 2}
  - {fileID: 114940228881751364, guid: dfbad35277bea1c459417edb3cbb24f1, type: 2}
  - {fileID: 114944958674968554, guid: 12f598e1ecaa02b49bc0763e19b54a06, type: 2}
  - {fileID: 114023708532117477, guid: a8fb756952629ac45830c7ed1a09f1a0, type: 2}
  - {fileID: 114202101504719602, guid: f9879417ad945e94cb917c0c956d16a8, type: 2}
  - {fileID: 114825635780814745, guid: c7fea28c2710ceb4cbcecb52e55181c1, type: 2}
  - {fileID: 114422710145464219, guid: e6f9f566a6df30d4dae85534a7c6b0f6, type: 2}
  - {fileID: 114452233153534364, guid: 97002476b54a8ba45823ca58a78d2427, type: 2}
  m_setPieceReplacementsValues:
  - {fileID: 114132232343765367, guid: 248c610fb17dcf84c8d7146690be2eb8, type: 2}
  - {fileID: 114191588132536850, guid: 863c0539276d0464c9839850645f17b7, type: 2}
  - {fileID: 114132232343765367, guid: 248c610fb17dcf84c8d7146690be2eb8, type: 2}
  - {fileID: 114191588132536850, guid: 863c0539276d0464c9839850645f17b7, type: 2}
  - {fileID: 114132232343765367, guid: 248c610fb17dcf84c8d7146690be2eb8, type: 2}
  - {fileID: 114191588132536850, guid: 863c0539276d0464c9839850645f17b7, type: 2}
  - {fileID: 114132232343765367, guid: 248c610fb17dcf84c8d7146690be2eb8, type: 2}
  - {fileID: 114191588132536850, guid: 863c0539276d0464c9839850645f17b7, type: 2}
  - {fileID: 114132232343765367, guid: 248c610fb17dcf84c8d7146690be2eb8, type: 2}
  m_tilesetOverrides: []
  m_customUIPrefab: {fileID: 0}
  m_additions: []
  m_additionsValues: []
  m_colorize:
  - {fileID: 2100000, guid: bdea071064f662e4c85f25d5099eb782, type: 2}
  - {fileID: 2100000, guid: 9721e9449f8630b42a47c6fa1241b072, type: 2}
  - {fileID: 2100000, guid: 2d288982ec7b347499ec33f933e3a112, type: 2}
  - {fileID: 2100000, guid: 618baa8eb7cac2d40a5fe0978bc86818, type: 2}
  - {fileID: 2100000, guid: a89160079cfd3dd48af263e8fe2a7c90, type: 2}
  - {fileID: 2100000, guid: d3fd868fd440b7b4ca75da7c707bfb01, type: 2}
  m_colorizeValues:
  - {r: 1, g: 0, b: 0.8896551, a: 1}
  - {r: 1, g: 0.68275857, b: 0, a: 1}
  - {r: 1, g: 0.38235295, b: 0.778499, a: 1}
  - {r: 0.76470596, g: 0.5294118, b: 0.6392157, a: 1}
  - {r: 0.7960785, g: 0.5529412, b: 0.67058825, a: 1}
  - {r: 0.5921569, g: 0.42352945, b: 0.7019608, a: 1}
  m_customShaderKeyword:
  m_monochromeBlack: {r: 0, g: 0, b: 0, a: 1}
  m_monochromeWhite: {r: 1, g: 1, b: 1, a: 1}
  m_monochromeScale: 1
  m_skyboxTexture: {fileID: 0}
  m_goldMaterial: {fileID: 0}
  m_onLoad:
    m_PersistentCalls:
      m_Calls: []
    m_TypeName: UnityEngine.Events.UnityEvent, UnityEngine, Version=0.0.0.0, Culture=neutral, PublicKeyToken=null
  m_onUnload:
    m_PersistentCalls:
      m_Calls: []
    m_TypeName: UnityEngine.Events.UnityEvent, UnityEngine, Version=0.0.0.0, Culture=neutral, PublicKeyToken=null
--- !u!114 &114966030001960838
MonoBehaviour:
  m_ObjectHideFlags: 0
  m_PrefabParentObject: {fileID: 0}
  m_PrefabInternal: {fileID: 100100000}
  m_GameObject: {fileID: 1415161104957772}
  m_Enabled: 1
  m_EditorHideFlags: 0
  m_Script: {fileID: 11500000, guid: f3700d0da111cce8685dbbf79aa8cf16, type: 3}
  m_Name:
  m_EditorClassIdentifier:
  m_position: {x: 0, y: 0, z: 0}
--- !u!1 &1435331084331790
GameObject:
  serializedVersion: 5
  m_ObjectHideFlags: 0
  m_PrefabParentObject: {fileID: 0}
  m_PrefabInternal: {fileID: 100100000}
  m_Component:
  - component: {fileID: 4164430902893356}
  - component: {fileID: 54024566912053955}
  - component: {fileID: 59598967203224884}
  - component: {fileID: 114750879763068292}
  m_Layer: 8
  m_Name: Tail Shoulder
  m_TagString: Untagged
  m_Icon: {fileID: 0}
  m_NavMeshLayer: 0
  m_StaticEditorFlags: 0
  m_IsActive: 1
--- !u!4 &4164430902893356
Transform:
  m_ObjectHideFlags: 0
  m_PrefabParentObject: {fileID: 0}
  m_PrefabInternal: {fileID: 100100000}
  m_GameObject: {fileID: 1435331084331790}
  m_LocalRotation: {x: 0, y: 0, z: 0, w: 1}
  m_LocalPosition: {x: 0.064, y: 0.524, z: 1.704}
  m_LocalScale: {x: 0.65, y: 0.65, z: 0.65}
  m_Children:
  - {fileID: 4069598161931935}
  m_Father: {fileID: 4946318612549415}
  m_RootOrder: 0
  m_LocalEulerAnglesHint: {x: 0, y: -0, z: -0}
--- !u!54 &54024566912053955
Rigidbody:
  serializedVersion: 2
  m_ObjectHideFlags: 0
  m_PrefabParentObject: {fileID: 0}
  m_PrefabInternal: {fileID: 100100000}
  m_GameObject: {fileID: 1435331084331790}
  m_Mass: 0.001
  m_Drag: 1
  m_AngularDrag: 1
  m_UseGravity: 0
  m_IsKinematic: 0
  m_Interpolate: 0
  m_Constraints: 0
  m_CollisionDetection: 0
--- !u!59 &59598967203224884
HingeJoint:
  m_ObjectHideFlags: 0
  m_PrefabParentObject: {fileID: 0}
  m_PrefabInternal: {fileID: 100100000}
  m_GameObject: {fileID: 1435331084331790}
  m_ConnectedBody: {fileID: 54925203117614467}
  m_Anchor: {x: 0, y: 0, z: 0}
  m_Axis: {x: 0, y: 1, z: 0}
  m_AutoConfigureConnectedAnchor: 1
  m_ConnectedAnchor: {x: 0.064, y: 0.524, z: 1.704}
  m_UseSpring: 1
  m_Spring:
    spring: 20
    damper: 1
    targetPosition: 0
  m_UseMotor: 0
  m_Motor:
    targetVelocity: 600
    force: 0
    freeSpin: 0
  m_UseLimits: 1
  m_Limits:
    min: -50
    max: 50
    bounciness: 1
    bounceMinVelocity: 0
    contactDistance: 0
  m_BreakForce: Infinity
  m_BreakTorque: Infinity
  m_EnableCollision: 0
  m_EnablePreprocessing: 1
--- !u!114 &114750879763068292
MonoBehaviour:
  m_ObjectHideFlags: 0
  m_PrefabParentObject: {fileID: 0}
  m_PrefabInternal: {fileID: 100100000}
  m_GameObject: {fileID: 1435331084331790}
  m_Enabled: 1
  m_EditorHideFlags: 0
  m_Script: {fileID: 11500000, guid: f3700d0da111cce8685dbbf79aa8cf16, type: 3}
  m_Name:
  m_EditorClassIdentifier:
  m_position: {x: 0, y: -7.78, z: 2.19}
--- !u!1 &1312875108102161
GameObject:
  serializedVersion: 5
  m_ObjectHideFlags: 0
  m_PrefabParentObject: {fileID: 0}
  m_PrefabInternal: {fileID: 100100000}
  m_Component:
  - component: {fileID: 4069598161931935}
  - component: {fileID: 33580949976495198}
  - component: {fileID: 23452012861930236}
  - component: {fileID: 54263873894500499}
  - component: {fileID: 59581342720705821}
  - component: {fileID: 114371409060085311}
  m_Layer: 8
  m_Name: Tail
  m_TagString: Untagged
  m_Icon: {fileID: 0}
  m_NavMeshLayer: 0
  m_StaticEditorFlags: 0
  m_IsActive: 1
--- !u!4 &4069598161931935
Transform:
  m_ObjectHideFlags: 0
  m_PrefabParentObject: {fileID: 0}
  m_PrefabInternal: {fileID: 100100000}
  m_GameObject: {fileID: 1312875108102161}
  m_LocalRotation: {x: 0, y: 0, z: 0, w: 1}
  m_LocalPosition: {x: 0, y: 0, z: 0}
  m_LocalScale: {x: 1, y: 1, z: 1}
  m_Children: []
  m_Father: {fileID: 4164430902893356}
  m_RootOrder: 0
  m_LocalEulerAnglesHint: {x: 0, y: -0, z: -0}
--- !u!33 &33580949976495198
MeshFilter:
  m_ObjectHideFlags: 0
  m_PrefabParentObject: {fileID: 0}
  m_PrefabInternal: {fileID: 100100000}
  m_GameObject: {fileID: 1312875108102161}
  m_Mesh: {fileID: 4300000, guid: 953ba0acfc6acd14392c74c566a18c06, type: 2}
--- !u!23 &23452012861930236
MeshRenderer:
  m_ObjectHideFlags: 0
  m_PrefabParentObject: {fileID: 0}
  m_PrefabInternal: {fileID: 100100000}
  m_GameObject: {fileID: 1312875108102161}
  m_Enabled: 1
  m_CastShadows: 1
  m_ReceiveShadows: 1
  m_MotionVectors: 1
  m_LightProbeUsage: 1
  m_ReflectionProbeUsage: 1
  m_Materials:
  - {fileID: 2100000, guid: 28a39822a374ff7489db8545658ffac7, type: 2}
  m_StaticBatchInfo:
    firstSubMesh: 0
    subMeshCount: 0
  m_StaticBatchRoot: {fileID: 0}
  m_ProbeAnchor: {fileID: 0}
  m_LightProbeVolumeOverride: {fileID: 0}
  m_ScaleInLightmap: 1
  m_PreserveUVs: 0
  m_IgnoreNormalsForChartDetection: 0
  m_ImportantGI: 0
  m_SelectedEditorRenderState: 3
  m_MinimumChartSize: 4
  m_AutoUVMaxDistance: 0.5
  m_AutoUVMaxAngle: 89
  m_LightmapParameters: {fileID: 0}
  m_SortingLayerID: 0
  m_SortingLayer: 0
  m_SortingOrder: 0
--- !u!54 &54263873894500499
Rigidbody:
  serializedVersion: 2
  m_ObjectHideFlags: 0
  m_PrefabParentObject: {fileID: 0}
  m_PrefabInternal: {fileID: 100100000}
  m_GameObject: {fileID: 1312875108102161}
  m_Mass: 0.001
  m_Drag: 0
  m_AngularDrag: 0
  m_UseGravity: 0
  m_IsKinematic: 0
  m_Interpolate: 0
  m_Constraints: 0
  m_CollisionDetection: 0
--- !u!59 &59581342720705821
HingeJoint:
  m_ObjectHideFlags: 0
  m_PrefabParentObject: {fileID: 0}
  m_PrefabInternal: {fileID: 100100000}
  m_GameObject: {fileID: 1312875108102161}
  m_ConnectedBody: {fileID: 54024566912053955}
  m_Anchor: {x: 0, y: 0, z: 0}
  m_Axis: {x: 0, y: 0, z: 1}
  m_AutoConfigureConnectedAnchor: 1
  m_ConnectedAnchor: {x: 0, y: 0, z: 0}
  m_UseSpring: 1
  m_Spring:
    spring: 20
    damper: 1
    targetPosition: 0
  m_UseMotor: 0
  m_Motor:
    targetVelocity: 600
    force: 0
    freeSpin: 0
  m_UseLimits: 1
  m_Limits:
    min: -20
    max: 20
    bounciness: 1
    bounceMinVelocity: 0
    contactDistance: 0
  m_BreakForce: Infinity
  m_BreakTorque: Infinity
  m_EnableCollision: 0
  m_EnablePreprocessing: 1
--- !u!114 &114371409060085311
MonoBehaviour:
  m_ObjectHideFlags: 0
  m_PrefabParentObject: {fileID: 0}
  m_PrefabInternal: {fileID: 100100000}
  m_GameObject: {fileID: 1312875108102161}
  m_Enabled: 1
  m_EditorHideFlags: 0
  m_Script: {fileID: 11500000, guid: f3700d0da111cce8685dbbf79aa8cf16, type: 3}
  m_Name:
  m_EditorClassIdentifier:
  m_position: {x: 0, y: -7.78, z: 2.19}
--- !u!1 &1822847449928576
GameObject:
  serializedVersion: 5
  m_ObjectHideFlags: 0
  m_PrefabParentObject: {fileID: 0}
  m_PrefabInternal: {fileID: 100100000}
  m_Component:
  - component: {fileID: 4031920497636384}
  - component: {fileID: 33144664589887335}
  - component: {fileID: 23473692478197597}
  - component: {fileID: 54029735588038565}
  - component: {fileID: 59336515070848517}
  - component: {fileID: 114753966773111871}
  m_Layer: 8
  m_Name: Head
  m_TagString: Untagged
  m_Icon: {fileID: 0}
  m_NavMeshLayer: 0
  m_StaticEditorFlags: 0
  m_IsActive: 1
--- !u!4 &4031920497636384
Transform:
  m_ObjectHideFlags: 0
  m_PrefabParentObject: {fileID: 0}
  m_PrefabInternal: {fileID: 100100000}
  m_GameObject: {fileID: 1822847449928576}
  m_LocalRotation: {x: 0, y: 0, z: 0, w: 1}
  m_LocalPosition: {x: 0, y: 1.395, z: -1.235}
  m_LocalScale: {x: 0.65, y: 0.65, z: 0.65}
  m_Children: []
  m_Father: {fileID: 4946318612549415}
  m_RootOrder: 1
  m_LocalEulerAnglesHint: {x: 0, y: -0, z: -0}
--- !u!33 &33144664589887335
MeshFilter:
  m_ObjectHideFlags: 0
  m_PrefabParentObject: {fileID: 0}
  m_PrefabInternal: {fileID: 100100000}
  m_GameObject: {fileID: 1822847449928576}
  m_Mesh: {fileID: 4300000, guid: 8f2b9597ae523884ba13ac2f3ef16eae, type: 2}
--- !u!23 &23473692478197597
MeshRenderer:
  m_ObjectHideFlags: 0
  m_PrefabParentObject: {fileID: 0}
  m_PrefabInternal: {fileID: 100100000}
  m_GameObject: {fileID: 1822847449928576}
  m_Enabled: 1
  m_CastShadows: 1
  m_ReceiveShadows: 1
  m_MotionVectors: 1
  m_LightProbeUsage: 1
  m_ReflectionProbeUsage: 1
  m_Materials:
  - {fileID: 2100000, guid: 28a39822a374ff7489db8545658ffac7, type: 2}
  m_StaticBatchInfo:
    firstSubMesh: 0
    subMeshCount: 0
  m_StaticBatchRoot: {fileID: 0}
  m_ProbeAnchor: {fileID: 0}
  m_LightProbeVolumeOverride: {fileID: 0}
  m_ScaleInLightmap: 1
  m_PreserveUVs: 0
  m_IgnoreNormalsForChartDetection: 0
  m_ImportantGI: 0
  m_SelectedEditorRenderState: 3
  m_MinimumChartSize: 4
  m_AutoUVMaxDistance: 0.5
  m_AutoUVMaxAngle: 89
  m_LightmapParameters: {fileID: 0}
  m_SortingLayerID: 0
  m_SortingLayer: 0
  m_SortingOrder: 0
--- !u!54 &54029735588038565
Rigidbody:
  serializedVersion: 2
  m_ObjectHideFlags: 0
  m_PrefabParentObject: {fileID: 0}
  m_PrefabInternal: {fileID: 100100000}
  m_GameObject: {fileID: 1822847449928576}
  m_Mass: 0.01
  m_Drag: 4
  m_AngularDrag: 4
  m_UseGravity: 0
  m_IsKinematic: 0
  m_Interpolate: 0
  m_Constraints: 0
  m_CollisionDetection: 0
--- !u!59 &59336515070848517
HingeJoint:
  m_ObjectHideFlags: 0
  m_PrefabParentObject: {fileID: 0}
  m_PrefabInternal: {fileID: 100100000}
  m_GameObject: {fileID: 1822847449928576}
  m_ConnectedBody: {fileID: 54925203117614467}
  m_Anchor: {x: 0, y: 0.0022730827, z: 0}
  m_Axis: {x: 0, y: 1, z: 0}
  m_AutoConfigureConnectedAnchor: 1
  m_ConnectedAnchor: {x: 0, y: 1.3964775, z: -1.235}
  m_UseSpring: 1
  m_Spring:
    spring: 10
    damper: 5
    targetPosition: 0
  m_UseMotor: 0
  m_Motor:
    targetVelocity: 0
    force: 0
    freeSpin: 0
  m_UseLimits: 1
  m_Limits:
    min: -30
    max: 30
    bounciness: 1
    bounceMinVelocity: 0.2
    contactDistance: 0
  m_BreakForce: Infinity
  m_BreakTorque: Infinity
  m_EnableCollision: 0
  m_EnablePreprocessing: 1
--- !u!114 &114753966773111871
MonoBehaviour:
  m_ObjectHideFlags: 0
  m_PrefabParentObject: {fileID: 0}
  m_PrefabInternal: {fileID: 100100000}
  m_GameObject: {fileID: 1822847449928576}
  m_Enabled: 1
  m_EditorHideFlags: 0
  m_Script: {fileID: 11500000, guid: f3700d0da111cce8685dbbf79aa8cf16, type: 3}
  m_Name:
  m_EditorClassIdentifier:
  m_position: {x: 0, y: 0, z: -2.95}
--- !u!1 &1156360307290814
GameObject:
  serializedVersion: 5
  m_ObjectHideFlags: 0
  m_PrefabParentObject: {fileID: 0}
  m_PrefabInternal: {fileID: 100100000}
  m_Component:
  - component: {fileID: 4015758526889778}
  - component: {fileID: 33380690558392475}
  - component: {fileID: 23195915100450632}
  m_Layer: 8
  m_Name: Body
  m_TagString: Untagged
  m_Icon: {fileID: 0}
  m_NavMeshLayer: 0
  m_StaticEditorFlags: 0
  m_IsActive: 1
--- !u!4 &4015758526889778
Transform:
  m_ObjectHideFlags: 0
  m_PrefabParentObject: {fileID: 0}
  m_PrefabInternal: {fileID: 100100000}
  m_GameObject: {fileID: 1156360307290814}
  m_LocalRotation: {x: 0, y: 0, z: 0, w: 1}
  m_LocalPosition: {x: 0, y: 0.29, z: 0}
  m_LocalScale: {x: 0.65, y: 0.65, z: 0.65}
  m_Children: []
  m_Father: {fileID: 4946318612549415}
  m_RootOrder: 2
  m_LocalEulerAnglesHint: {x: 0, y: -0, z: -0}
--- !u!33 &33380690558392475
MeshFilter:
  m_ObjectHideFlags: 0
  m_PrefabParentObject: {fileID: 0}
  m_PrefabInternal: {fileID: 100100000}
  m_GameObject: {fileID: 1156360307290814}
  m_Mesh: {fileID: 4300000, guid: 67379d1ee05048946a63a19a009016f5, type: 2}
--- !u!23 &23195915100450632
MeshRenderer:
  m_ObjectHideFlags: 0
  m_PrefabParentObject: {fileID: 0}
  m_PrefabInternal: {fileID: 100100000}
  m_GameObject: {fileID: 1156360307290814}
  m_Enabled: 1
  m_CastShadows: 1
  m_ReceiveShadows: 1
  m_MotionVectors: 1
  m_LightProbeUsage: 1
  m_ReflectionProbeUsage: 1
  m_Materials:
  - {fileID: 2100000, guid: 28a39822a374ff7489db8545658ffac7, type: 2}
  m_StaticBatchInfo:
    firstSubMesh: 0
    subMeshCount: 0
  m_StaticBatchRoot: {fileID: 0}
  m_ProbeAnchor: {fileID: 0}
  m_LightProbeVolumeOverride: {fileID: 0}
  m_ScaleInLightmap: 1
  m_PreserveUVs: 0
  m_IgnoreNormalsForChartDetection: 0
  m_ImportantGI: 0
  m_SelectedEditorRenderState: 3
  m_MinimumChartSize: 4
  m_AutoUVMaxDistance: 0.5
  m_AutoUVMaxAngle: 89
  m_LightmapParameters: {fileID: 0}
  m_SortingLayerID: 0
  m_SortingLayer: 0
  m_SortingOrder: 0
