%YAML 1.1
%TAG !u! tag:unity3d.com,2011:
--- !u!1001 &100100000
Prefab:
  serializedVersion: 2
  m_ObjectHideFlags: 0
  m_Modification:
    m_TransformParent: {fileID: 0}
    m_Modifications: []
    m_RemovedComponents: []
  m_ParentPrefab: {fileID: 0}
  m_RootGameObject: {fileID: 1760492865607827}
  m_IsPrefabParent: 1
--- !u!1 &1760492865607827
GameObject:
  serializedVersion: 5
  m_ObjectHideFlags: 0
  m_PrefabParentObject: {fileID: 0}
  m_PrefabInternal: {fileID: 100100000}
  m_Component:
  - component: {fileID: 4397298237266922}
  - component: {fileID: 33270764674650692}
  - component: {fileID: 23622612640975268}
  - component: {fileID: 54760921734032413}
  - component: {fileID: 135623312274135132}
  - component: {fileID: 75040983704737610}
  - component: {fileID: 153333247493509383}
  - component: {fileID: 145795709563691915}
  - component: {fileID: 114525696011692366}
  - component: {fileID: 114513009134201098}
  m_Layer: 8
  m_Name: Abstract
  m_TagString: Untagged
  m_Icon: {fileID: 0}
  m_NavMeshLayer: 0
  m_StaticEditorFlags: 0
  m_IsActive: 1
--- !u!4 &4397298237266922
Transform:
  m_ObjectHideFlags: 0
  m_PrefabParentObject: {fileID: 0}
  m_PrefabInternal: {fileID: 100100000}
  m_GameObject: {fileID: 1760492865607827}
  m_LocalRotation: {x: 0, y: 0, z: 0, w: 1}
  m_LocalPosition: {x: 0, y: 0, z: 0}
  m_LocalScale: {x: 1, y: 1, z: 1}
  m_Children: []
  m_Father: {fileID: 0}
  m_RootOrder: 0
  m_LocalEulerAnglesHint: {x: 0, y: -0, z: -0}
--- !u!33 &33270764674650692
MeshFilter:
  m_ObjectHideFlags: 0
  m_PrefabParentObject: {fileID: 0}
  m_PrefabInternal: {fileID: 100100000}
  m_GameObject: {fileID: 1760492865607827}
  m_Mesh: {fileID: 4300000, guid: c260daefa757efe44b4e6505f3867d76, type: 2}
--- !u!23 &23622612640975268
MeshRenderer:
  m_ObjectHideFlags: 0
  m_PrefabParentObject: {fileID: 0}
  m_PrefabInternal: {fileID: 100100000}
  m_GameObject: {fileID: 1760492865607827}
  m_Enabled: 1
  m_CastShadows: 1
  m_ReceiveShadows: 1
  m_MotionVectors: 1
  m_LightProbeUsage: 1
  m_ReflectionProbeUsage: 1
  m_Materials:
  - {fileID: 2100000, guid: 28a39822a374ff7489db8545658ffac7, type: 2}
  m_StaticBatchInfo:
    firstSubMesh: 0
    subMeshCount: 0
  m_StaticBatchRoot: {fileID: 0}
  m_ProbeAnchor: {fileID: 0}
  m_LightProbeVolumeOverride: {fileID: 0}
  m_ScaleInLightmap: 1
  m_PreserveUVs: 0
  m_IgnoreNormalsForChartDetection: 0
  m_ImportantGI: 0
  m_SelectedEditorRenderState: 3
  m_MinimumChartSize: 4
  m_AutoUVMaxDistance: 0.5
  m_AutoUVMaxAngle: 89
  m_LightmapParameters: {fileID: 0}
  m_SortingLayerID: 0
  m_SortingLayer: 0
  m_SortingOrder: 0
--- !u!54 &54760921734032413
Rigidbody:
  serializedVersion: 2
  m_ObjectHideFlags: 0
  m_PrefabParentObject: {fileID: 0}
  m_PrefabInternal: {fileID: 100100000}
  m_GameObject: {fileID: 1760492865607827}
  m_Mass: 1
  m_Drag: 10
  m_AngularDrag: 5
  m_UseGravity: 0
  m_IsKinematic: 0
  m_Interpolate: 0
  m_Constraints: 0
  m_CollisionDetection: 0
--- !u!135 &135623312274135132
SphereCollider:
  serializedVersion: 2
  m_ObjectHideFlags: 0
  m_PrefabParentObject: {fileID: 0}
  m_PrefabInternal: {fileID: 100100000}
  m_GameObject: {fileID: 1760492865607827}
  m_Material: {fileID: 0}
  m_IsTrigger: 0
  m_Enabled: 1
  m_Radius: 1.5
  m_Center: {x: 0, y: 3.7, z: 0}
--- !u!75 &75040983704737610
ConstantForce:
  m_ObjectHideFlags: 0
  m_PrefabParentObject: {fileID: 0}
  m_PrefabInternal: {fileID: 100100000}
  m_GameObject: {fileID: 1760492865607827}
  m_Enabled: 1
  m_Force: {x: 0, y: 0, z: 0}
  m_RelativeForce: {x: 0, y: 0, z: 0}
  m_Torque: {x: 0, y: 0, z: 0}
  m_RelativeTorque: {x: 0, y: 0, z: 0}
--- !u!153 &153333247493509383
ConfigurableJoint:
  serializedVersion: 2
  m_ObjectHideFlags: 0
  m_PrefabParentObject: {fileID: 0}
  m_PrefabInternal: {fileID: 100100000}
  m_GameObject: {fileID: 1760492865607827}
  m_ConnectedBody: {fileID: 0}
  m_Anchor: {x: 0, y: 1.8, z: 0}
  m_Axis: {x: 1, y: 0, z: 0}
  m_AutoConfigureConnectedAnchor: 1
  m_ConnectedAnchor: {x: 0, y: 1.8, z: 0}
  m_SecondaryAxis: {x: 0, y: 1, z: 0}
  m_XMotion: 0
  m_YMotion: 0
  m_ZMotion: 0
  m_AngularXMotion: 0
  m_AngularYMotion: 2
  m_AngularZMotion: 0
  m_LinearLimitSpring:
    spring: 0
    damper: 0
  m_LinearLimit:
    limit: 0
    bounciness: 0
    contactDistance: 0
  m_AngularXLimitSpring:
    spring: 5000
    damper: 1000
  m_LowAngularXLimit:
    limit: -10
    bounciness: 0
    contactDistance: 0
  m_HighAngularXLimit:
    limit: 5
    bounciness: 0
    contactDistance: 0
  m_AngularYZLimitSpring:
    spring: 5000
    damper: 1000
  m_AngularYLimit:
    limit: 0
    bounciness: 0
    contactDistance: 0
  m_AngularZLimit:
    limit: 13
    bounciness: 0
    contactDistance: 0
  m_TargetPosition: {x: 0, y: 0, z: 0}
  m_TargetVelocity: {x: 0, y: 0, z: 0}
  m_XDrive:
    serializedVersion: 3
    positionSpring: 0
    positionDamper: 0
    maximumForce: 3.4028233E+38
  m_YDrive:
    serializedVersion: 3
    positionSpring: 0
    positionDamper: 0
    maximumForce: 3.4028233E+38
  m_ZDrive:
    serializedVersion: 3
    positionSpring: 0
    positionDamper: 0
    maximumForce: 3.4028233E+38
  m_TargetRotation: {x: 0, y: 0, z: 0, w: 1}
  m_TargetAngularVelocity: {x: 0, y: 0, z: 0}
  m_RotationDriveMode: 1
  m_AngularXDrive:
    serializedVersion: 3
    positionSpring: 0
    positionDamper: 0
    maximumForce: 0
  m_AngularYZDrive:
    serializedVersion: 3
    positionSpring: 0
    positionDamper: 0
    maximumForce: 0
  m_SlerpDrive:
    serializedVersion: 3
    positionSpring: 50000
    positionDamper: 15
    maximumForce: 50000
  m_ProjectionMode: 0
  m_ProjectionDistance: 0.1
  m_ProjectionAngle: 180
  m_ConfiguredInWorldSpace: 0
  m_SwapBodies: 0
  m_BreakForce: Infinity
  m_BreakTorque: Infinity
  m_EnableCollision: 0
  m_EnablePreprocessing: 1
--- !u!145 &145795709563691915
SpringJoint:
  serializedVersion: 2
  m_ObjectHideFlags: 0
  m_PrefabParentObject: {fileID: 0}
  m_PrefabInternal: {fileID: 100100000}
  m_GameObject: {fileID: 1760492865607827}
  m_ConnectedBody: {fileID: 0}
  m_Anchor: {x: 0, y: 4.93, z: 0}
  m_AutoConfigureConnectedAnchor: 1
  m_ConnectedAnchor: {x: 0, y: 4.93, z: 0}
  m_Spring: 1000
  m_Damper: 20
  m_MinDistance: 0.6
  m_MaxDistance: 0
  m_Tolerance: 0.025
  m_BreakForce: Infinity
  m_BreakTorque: Infinity
  m_EnableCollision: 0
  m_EnablePreprocessing: 1
--- !u!114 &114525696011692366
MonoBehaviour:
  m_ObjectHideFlags: 0
  m_PrefabParentObject: {fileID: 0}
  m_PrefabInternal: {fileID: 100100000}
  m_GameObject: {fileID: 1760492865607827}
  m_Enabled: 1
  m_EditorHideFlags: 0
  m_Script: {fileID: 11500000, guid: 519636138da1f93dacb68edc8dd0f672, type: 3}
  m_Name:
  m_EditorClassIdentifier:
  m_minSpeedBeforeTorque: 7
  m_minTorque: 800
  m_maxTorque: 1000
  m_maxSpeedForTorque: 20
  m_driveMaxVel: 20
  m_driveMinForce: 2000
  m_driveMaxForce: 2000
  m_reverse: 1
  m_maxRotAngle: 120
  m_maxSpeedForRot: 3
  m_rotSmoothTime: 0.7
  m_replacements:
  - {fileID: 1326087555034958, guid: 6a5bea4c7009dbc48afa98b3206a9e72, type: 2}
  - {fileID: 1010624068764647, guid: 6d2ec7bc52ecd1248bd912fc09da2f25, type: 2}
  - {fileID: 1358422492178190, guid: e9706d709d6626d479f02f9e925037c6, type: 2}
  - {fileID: 1672024691772758, guid: 64a6c61a98f4c9a408bb1aa0098b3338, type: 2}
  - {fileID: 1183243331321032, guid: b9e8e09b075197a47a2c9feaa1027f18, type: 2}
  - {fileID: 1202486734475642, guid: 2c952eeb23109e346afb1547d4cb1d51, type: 2}
  - {fileID: 1200448630419923, guid: ad5e33c00d8b5934d9d6a32e2b8f978e, type: 2}
  - {fileID: 1506389398389704, guid: c9c64e85d6eb7a24b8e6a76ac71ac6fd, type: 2}
  - {fileID: 1993329798868129, guid: d4ec6b4256d22fd47b207916c84c2726, type: 2}
  - {fileID: 1870547434712269, guid: ba1b6b1e497cfe248af38d3eba1b2cdf, type: 2}
  - {fileID: 1273560409779993, guid: 1abb29f73bae7994fb979aa3d556508b, type: 2}
  - {fileID: 1345502238957083, guid: a5f871df9dc1b734089a6cc8d473bb02, type: 2}
  - {fileID: 1931818796100507, guid: 5862f277ab76aba46a24c2f96ff6255f, type: 2}
  - {fileID: 1954482913668152, guid: 96b3f6b5278a5d34ebf6e2ae83a88f23, type: 2}
  - {fileID: 1247680005281694, guid: 4ed55d3da0c60214e9978e99f9295fbc, type: 2}
  - {fileID: 1024906363752515, guid: aa39b9c3a2ecd1f4abf3131db781d83e, type: 2}
  - {fileID: 1919759510170902, guid: 5da8864ed55465d40842b3693c716cbc, type: 2}
  - {fileID: 1941737061194073, guid: 38d4037a641597342866a3ab06136798, type: 2}
  - {fileID: 1812294126505140, guid: 39282d36971e75d46ab7925c35d38d99, type: 2}
  - {fileID: 1443709866924554, guid: 3bbae8c8dca8ebc42aa14a09c4ee875b, type: 2}
  - {fileID: 1872234436776329, guid: 907953af8b7d721438e15ec35dc75836, type: 2}
  - {fileID: 1227052786976090, guid: 845c0c2598d43a443af43144af75a59b, type: 2}
  - {fileID: 1550696937711797, guid: 906d6ef6f982bcc49b8f1f47d8697be7, type: 2}
  - {fileID: 1220282751914974, guid: 8479a2a907a58de46be43ebb35924d24, type: 2}
  - {fileID: 1742782307111816, guid: 7722a70a1e5d5f14f94d1320cedd082c, type: 2}
  - {fileID: 1401073191992797, guid: f6e4397353278c342a725cfc1f066f3a, type: 2}
  - {fileID: 1390492237504470, guid: 16408dc9bb3c0f3409e0539a148635c4, type: 2}
  - {fileID: 1739199742147609, guid: f72fee66c34d854429487498fd83247f, type: 2}
  - {fileID: 1648453426274331, guid: a71236cf29daed44585d91a23127dec8, type: 2}
  - {fileID: 1923716848027105, guid: d18c776515e77164fb38eed8ee57ddeb, type: 2}
  - {fileID: 1686822697498340, guid: 0fdd9b877ab37e247ab208cd456adea0, type: 2}
  - {fileID: 1574176431887962, guid: ad45cfd55180570409c025caf7de5d33, type: 2}
  - {fileID: 1049574853722751, guid: 1545c4fe9d07beb4ca660c780b410cce, type: 2}
  - {fileID: 1164454147620058, guid: 95f4686ca4bd67b4b8e6504dc91b19d8, type: 2}
  - {fileID: 1815063739388184, guid: 84c46856d1d4b844f8081f9e457d961d, type: 2}
  - {fileID: 1228784951948603, guid: 5b2d0d4cfb29af147887479b7aa324bf, type: 2}
  - {fileID: 1434259643735460, guid: 6bf7a99e67e37f645b88616e35a3869c, type: 2}
  - {fileID: 1279452945090143, guid: fff500a20be755545880330201ad04c1, type: 2}
  - {fileID: 1021153744820749, guid: 3547c2b33a446a943aec73bcef351ffd, type: 2}
  - {fileID: 1505154243865503, guid: 4b9a81148744c364d91852fb854956de, type: 2}
  - {fileID: 1954418759808945, guid: 440bc79bdb928ae4ca5f1460a6b11414, type: 2}
  - {fileID: 1159688079278934, guid: eaf1a930d9ddaef468fdeda58b6aac3a, type: 2}
  - {fileID: 1625367839945421, guid: 6f8a2ab9a012b7e41a419f98fdfd91da, type: 2}
  - {fileID: 1686486023658120, guid: 6f56b05534064ee47b7cd53510b32c26, type: 2}
  - {fileID: 1205199906574424, guid: ba266352860d6004881b70875fd4ed66, type: 2}
  - {fileID: 1379840923794822, guid: 12d2259e35f53484a8a62a522844ef7e, type: 2}
  - {fileID: 1411152714825592, guid: ce8d25a8e91dec94dbcd84648889820a, type: 2}
  - {fileID: 1939305458823458, guid: 2e6ae5e9fc73fef40b355975da44bab6, type: 2}
  - {fileID: 1292397107721566, guid: 9a626095af58cfb43b731949a57f91f2, type: 2}
  - {fileID: 1065715490875740, guid: 59529ebcb4eaca14b9b649457a809071, type: 2}
  - {fileID: 1253310436954394, guid: fdd39bb0cf5ca074685ef4fcb02f1879, type: 2}
  - {fileID: 1292973120842436, guid: dc8e72c5322bb6347a9dd1728377371c, type: 2}
  - {fileID: 1542214520233514, guid: 2222e8f759f9b6e428c1a48893b84d2b, type: 2}
  - {fileID: 1464588168901623, guid: cef508eaf70b3074180b09c5d32ae0a6, type: 2}
  - {fileID: 1839256390966741, guid: f6eaf130f5f555249b07dd84b4259aed, type: 2}
  m_replacementsValues:
  - {fileID: 1406621671648092, guid: 4926ae4276bb6654d82216ec777dbe4a, type: 2}
  - {fileID: 1937621550804414, guid: 37e20318b06ff574594952bb595f9dc3, type: 2}
  - {fileID: 1384803573182484, guid: 42a5b54dcf4082a48bf23fa99b808c96, type: 2}
  - {fileID: 1039179846688155, guid: 38e694a9fdd0b784688bce17f0573f19, type: 2}
  - {fileID: 1557696435983333, guid: 8597192d7eccd3c41956401c7bcbdb7a, type: 2}
  - {fileID: 1039179846688155, guid: 38e694a9fdd0b784688bce17f0573f19, type: 2}
  - {fileID: 1384803573182484, guid: 42a5b54dcf4082a48bf23fa99b808c96, type: 2}
  - {fileID: 1468992523966839, guid: 4b8f8c4debfa6ee4c8fe2a0da9794451, type: 2}
  - {fileID: 1189098288558070, guid: 43d459ed6a4b5db459e0edb89201ad1d, type: 2}
  - {fileID: 1468992523966839, guid: 4b8f8c4debfa6ee4c8fe2a0da9794451, type: 2}
  - {fileID: 1468992523966839, guid: 4b8f8c4debfa6ee4c8fe2a0da9794451, type: 2}
  - {fileID: 1039179846688155, guid: 38e694a9fdd0b784688bce17f0573f19, type: 2}
  - {fileID: 1700337461287445, guid: df736e638c7eec5468f31349e84151a5, type: 2}
  - {fileID: 1552143237083401, guid: 9701cd1f12267d8418dde6a5e1e16bd9, type: 2}
  - {fileID: 1552143237083401, guid: 9701cd1f12267d8418dde6a5e1e16bd9, type: 2}
  - {fileID: 1468992523966839, guid: 4b8f8c4debfa6ee4c8fe2a0da9794451, type: 2}
  - {fileID: 1384803573182484, guid: 42a5b54dcf4082a48bf23fa99b808c96, type: 2}
  - {fileID: 1189098288558070, guid: 43d459ed6a4b5db459e0edb89201ad1d, type: 2}
  - {fileID: 1557696435983333, guid: 8597192d7eccd3c41956401c7bcbdb7a, type: 2}
  - {fileID: 1700337461287445, guid: df736e638c7eec5468f31349e84151a5, type: 2}
  - {fileID: 1937621550804414, guid: 37e20318b06ff574594952bb595f9dc3, type: 2}
  - {fileID: 1937621550804414, guid: 37e20318b06ff574594952bb595f9dc3, type: 2}
  - {fileID: 1700337461287445, guid: df736e638c7eec5468f31349e84151a5, type: 2}
  - {fileID: 1384803573182484, guid: 42a5b54dcf4082a48bf23fa99b808c96, type: 2}
  - {fileID: 1468992523966839, guid: 4b8f8c4debfa6ee4c8fe2a0da9794451, type: 2}
  - {fileID: 1557696435983333, guid: 8597192d7eccd3c41956401c7bcbdb7a, type: 2}
  - {fileID: 1557696435983333, guid: 8597192d7eccd3c41956401c7bcbdb7a, type: 2}
  - {fileID: 1189098288558070, guid: 43d459ed6a4b5db459e0edb89201ad1d, type: 2}
  - {fileID: 1700337461287445, guid: df736e638c7eec5468f31349e84151a5, type: 2}
  - {fileID: 1552143237083401, guid: 9701cd1f12267d8418dde6a5e1e16bd9, type: 2}
  - {fileID: 1552143237083401, guid: 9701cd1f12267d8418dde6a5e1e16bd9, type: 2}
  - {fileID: 1039179846688155, guid: 38e694a9fdd0b784688bce17f0573f19, type: 2}
  - {fileID: 1700337461287445, guid: df736e638c7eec5468f31349e84151a5, type: 2}
  - {fileID: 1937621550804414, guid: 37e20318b06ff574594952bb595f9dc3, type: 2}
  - {fileID: 1937621550804414, guid: 37e20318b06ff574594952bb595f9dc3, type: 2}
  - {fileID: 1189098288558070, guid: 43d459ed6a4b5db459e0edb89201ad1d, type: 2}
  - {fileID: 1468992523966839, guid: 4b8f8c4debfa6ee4c8fe2a0da9794451, type: 2}
  - {fileID: 1552143237083401, guid: 9701cd1f12267d8418dde6a5e1e16bd9, type: 2}
  - {fileID: 1937621550804414, guid: 37e20318b06ff574594952bb595f9dc3, type: 2}
  - {fileID: 1557696435983333, guid: 8597192d7eccd3c41956401c7bcbdb7a, type: 2}
  - {fileID: 1552143237083401, guid: 9701cd1f12267d8418dde6a5e1e16bd9, type: 2}
  - {fileID: 1937621550804414, guid: 37e20318b06ff574594952bb595f9dc3, type: 2}
  - {fileID: 1384803573182484, guid: 42a5b54dcf4082a48bf23fa99b808c96, type: 2}
  - {fileID: 1557696435983333, guid: 8597192d7eccd3c41956401c7bcbdb7a, type: 2}
  - {fileID: 1937621550804414, guid: 37e20318b06ff574594952bb595f9dc3, type: 2}
  - {fileID: 1189098288558070, guid: 43d459ed6a4b5db459e0edb89201ad1d, type: 2}
  - {fileID: 1468992523966839, guid: 4b8f8c4debfa6ee4c8fe2a0da9794451, type: 2}
  - {fileID: 1468992523966839, guid: 4b8f8c4debfa6ee4c8fe2a0da9794451, type: 2}
  - {fileID: 1552143237083401, guid: 9701cd1f12267d8418dde6a5e1e16bd9, type: 2}
  - {fileID: 1384803573182484, guid: 42a5b54dcf4082a48bf23fa99b808c96, type: 2}
  - {fileID: 1039179846688155, guid: 38e694a9fdd0b784688bce17f0573f19, type: 2}
  - {fileID: 1468992523966839, guid: 4b8f8c4debfa6ee4c8fe2a0da9794451, type: 2}
  - {fileID: 1384803573182484, guid: 42a5b54dcf4082a48bf23fa99b808c96, type: 2}
  - {fileID: 1557696435983333, guid: 8597192d7eccd3c41956401c7bcbdb7a, type: 2}
  - {fileID: 1039179846688155, guid: 38e694a9fdd0b784688bce17f0573f19, type: 2}
  m_materialReplacements: []
  m_materialReplacementsValues: []
  m_hexMaterialReplacements: []
  m_hexMaterialReplacementsValues: []
  m_setPieceReplacements: []
  m_setPieceReplacementsValues: []
  m_tilesetOverrides: []
  m_customUIPrefab: {fileID: 0}
  m_additions: []
  m_additionsValues: []
  m_colorize:
  - {fileID: 2100000, guid: bdea071064f662e4c85f25d5099eb782, type: 2}
  - {fileID: 2100000, guid: 9721e9449f8630b42a47c6fa1241b072, type: 2}
  - {fileID: 2100000, guid: 2d288982ec7b347499ec33f933e3a112, type: 2}
  - {fileID: 2100000, guid: 618baa8eb7cac2d40a5fe0978bc86818, type: 2}
  - {fileID: 2100000, guid: a89160079cfd3dd48af263e8fe2a7c90, type: 2}
  - {fileID: 2100000, guid: d3fd868fd440b7b4ca75da7c707bfb01, type: 2}
  m_colorizeValues:
  - {r: 0.5, g: 0.5, b: 0.5, a: 1}
  - {r: 0.17647058, g: 0.17647058, b: 0.17647058, a: 1}
  - {r: 0.46323532, g: 0.46323532, b: 0.46323532, a: 1}
  - {r: 0.6985294, g: 0.6985294, b: 0.6985294, a: 1}
  - {r: 0.8161765, g: 0.8161765, b: 0.8161765, a: 1}
  - {r: 0.85294116, g: 0.85294116, b: 0.85294116, a: 1}
  m_customShaderKeyword: _MONOCHROME
  m_monochromeBlack: {r: 0, g: 0, b: 0, a: 1}
  m_monochromeWhite: {r: 1, g: 1, b: 1, a: 1}
  m_monochromeScale: 1
  m_skyboxTexture: {fileID: 2800000, guid: 42338d12358bb364daff738cda62ac01, type: 3}
  m_goldMaterial: {fileID: 0}
  m_onLoad:
    m_PersistentCalls:
      m_Calls:
      - m_Target: {fileID: 114513009134201098}
        m_MethodName: Trigger
        m_Mode: 1
        m_Arguments:
          m_ObjectArgument: {fileID: 0}
          m_ObjectArgumentAssemblyTypeName: UnityEngine.Object, UnityEngine
          m_IntArgument: 0
          m_FloatArgument: 0
          m_StringArgument:
          m_BoolArgument: 0
        m_CallState: 2
    m_TypeName: UnityEngine.Events.UnityEvent, UnityEngine, Version=0.0.0.0, Culture=neutral, PublicKeyToken=null
  m_onUnload:
    m_PersistentCalls:
      m_Calls:
      - m_Target: {fileID: 114513009134201098}
        m_MethodName: Untrigger
        m_Mode: 1
        m_Arguments:
          m_ObjectArgument: {fileID: 0}
          m_ObjectArgumentAssemblyTypeName: UnityEngine.Object, UnityEngine
          m_IntArgument: 0
          m_FloatArgument: 0
          m_StringArgument:
          m_BoolArgument: 0
        m_CallState: 2
    m_TypeName: UnityEngine.Events.UnityEvent, UnityEngine, Version=0.0.0.0, Culture=neutral, PublicKeyToken=null
--- !u!114 &114513009134201098
MonoBehaviour:
  m_ObjectHideFlags: 0
  m_PrefabParentObject: {fileID: 0}
  m_PrefabInternal: {fileID: 100100000}
  m_GameObject: {fileID: 1760492865607827}
  m_Enabled: 1
  m_EditorHideFlags: 0
  m_Script: {fileID: 11500000, guid: 97a19a83ff10bbc18d47ce74638589ae, type: 3}
  m_Name:
  m_EditorClassIdentifier:
  m_priority: 2
  m_minRot: 30
  m_maxRot: 40
  m_minHeight: 60
  m_maxHeight: 400
  m_useDefaultFogSettings: 0
  m_fogColor: {r: 0, g: 0, b: 0, a: 1}
  m_colorize: {r: 0, g: 0, b: 0, a: 1}
  m_fogMinHeight: -80
  m_fogMaxHeight: -5
  m_fogTexture: {fileID: 0}
  m_tweenTime: 0
