%YAML 1.1
%TAG !u! tag:unity3d.com,2011:
--- !u!1001 &100100000
Prefab:
  serializedVersion: 2
  m_ObjectHideFlags: 0
  m_Modification:
    m_TransformParent: {fileID: 0}
    m_Modifications: []
    m_RemovedComponents: []
  m_ParentPrefab: {fileID: 0}
  m_RootGameObject: {fileID: 1965814079388699}
  m_IsPrefabParent: 1
--- !u!1 &1965814079388699
GameObject:
  serializedVersion: 5
  m_ObjectHideFlags: 0
  m_PrefabParentObject: {fileID: 0}
  m_PrefabInternal: {fileID: 100100000}
  m_Component:
  - component: {fileID: 4361865145178708}
  - component: {fileID: 54856802071066060}
  - component: {fileID: 135050859115150447}
  - component: {fileID: 75229398354221916}
  - component: {fileID: 153708511942044234}
  - component: {fileID: 145998292973452685}
  - component: {fileID: 114344242816618463}
  - component: {fileID: 114865022888781105}
  m_Layer: 8
  m_Name: Showgirl
  m_TagString: Untagged
  m_Icon: {fileID: 0}
  m_NavMeshLayer: 0
  m_StaticEditorFlags: 0
  m_IsActive: 1
--- !u!4 &4361865145178708
Transform:
  m_ObjectHideFlags: 0
  m_PrefabParentObject: {fileID: 0}
  m_PrefabInternal: {fileID: 100100000}
  m_GameObject: {fileID: 1965814079388699}
  m_LocalRotation: {x: 0, y: 0, z: 0, w: 1}
  m_LocalPosition: {x: 0, y: 0, z: 0}
  m_LocalScale: {x: 1, y: 1, z: 1}
  m_Children:
  - {fileID: 4135219956318738}
  - {fileID: 4598176524208957}
  - {fileID: 4906332371341030}
  m_Father: {fileID: 0}
  m_RootOrder: 0
  m_LocalEulerAnglesHint: {x: 0, y: -0, z: -0}
--- !u!54 &54856802071066060
Rigidbody:
  serializedVersion: 2
  m_ObjectHideFlags: 0
  m_PrefabParentObject: {fileID: 0}
  m_PrefabInternal: {fileID: 100100000}
  m_GameObject: {fileID: 1965814079388699}
  m_Mass: 1
  m_Drag: 10
  m_AngularDrag: 5
  m_UseGravity: 0
  m_IsKinematic: 0
  m_Interpolate: 0
  m_Constraints: 0
  m_CollisionDetection: 0
--- !u!135 &135050859115150447
SphereCollider:
  serializedVersion: 2
  m_ObjectHideFlags: 0
  m_PrefabParentObject: {fileID: 0}
  m_PrefabInternal: {fileID: 100100000}
  m_GameObject: {fileID: 1965814079388699}
  m_Material: {fileID: 0}
  m_IsTrigger: 0
  m_Enabled: 1
  m_Radius: 1.5
  m_Center: {x: 0, y: 3.7, z: 0}
--- !u!75 &75229398354221916
ConstantForce:
  m_ObjectHideFlags: 0
  m_PrefabParentObject: {fileID: 0}
  m_PrefabInternal: {fileID: 100100000}
  m_GameObject: {fileID: 1965814079388699}
  m_Enabled: 1
  m_Force: {x: 0, y: 0, z: 0}
  m_RelativeForce: {x: 0, y: 0, z: 0}
  m_Torque: {x: 0, y: 0, z: 0}
  m_RelativeTorque: {x: 0, y: 0, z: 0}
--- !u!153 &153708511942044234
ConfigurableJoint:
  serializedVersion: 2
  m_ObjectHideFlags: 0
  m_PrefabParentObject: {fileID: 0}
  m_PrefabInternal: {fileID: 100100000}
  m_GameObject: {fileID: 1965814079388699}
  m_ConnectedBody: {fileID: 0}
  m_Anchor: {x: 0, y: 1.8, z: 0}
  m_Axis: {x: 1, y: 0, z: 0}
  m_AutoConfigureConnectedAnchor: 1
  m_ConnectedAnchor: {x: 0, y: 1.8, z: 0}
  m_SecondaryAxis: {x: 0, y: 1, z: 0}
  m_XMotion: 0
  m_YMotion: 0
  m_ZMotion: 0
  m_AngularXMotion: 2
  m_AngularYMotion: 2
  m_AngularZMotion: 2
  m_LinearLimitSpring:
    spring: 0
    damper: 0
  m_LinearLimit:
    limit: 0
    bounciness: 0
    contactDistance: 0
  m_AngularXLimitSpring:
    spring: 5000
    damper: 1000
  m_LowAngularXLimit:
    limit: -10
    bounciness: 0
    contactDistance: 0
  m_HighAngularXLimit:
    limit: 5
    bounciness: 0
    contactDistance: 0
  m_AngularYZLimitSpring:
    spring: 5000
    damper: 1000
  m_AngularYLimit:
    limit: 0
    bounciness: 0
    contactDistance: 0
  m_AngularZLimit:
    limit: 13
    bounciness: 0
    contactDistance: 0
  m_TargetPosition: {x: 0, y: 0, z: 0}
  m_TargetVelocity: {x: 0, y: 0, z: 0}
  m_XDrive:
    serializedVersion: 3
    positionSpring: 0
    positionDamper: 0
    maximumForce: 3.4028233E+38
  m_YDrive:
    serializedVersion: 3
    positionSpring: 0
    positionDamper: 0
    maximumForce: 3.4028233E+38
  m_ZDrive:
    serializedVersion: 3
    positionSpring: 0
    positionDamper: 0
    maximumForce: 3.4028233E+38
  m_TargetRotation: {x: 0, y: 0, z: 0, w: 1}
  m_TargetAngularVelocity: {x: 0, y: 0, z: 0}
  m_RotationDriveMode: 1
  m_AngularXDrive:
    serializedVersion: 3
    positionSpring: 0
    positionDamper: 0
    maximumForce: 0
  m_AngularYZDrive:
    serializedVersion: 3
    positionSpring: 0
    positionDamper: 0
    maximumForce: 0
  m_SlerpDrive:
    serializedVersion: 3
    positionSpring: 50000
    positionDamper: 15
    maximumForce: 50000
  m_ProjectionMode: 0
  m_ProjectionDistance: 0.1
  m_ProjectionAngle: 180
  m_ConfiguredInWorldSpace: 0
  m_SwapBodies: 0
  m_BreakForce: Infinity
  m_BreakTorque: Infinity
  m_EnableCollision: 0
  m_EnablePreprocessing: 1
--- !u!145 &145998292973452685
SpringJoint:
  serializedVersion: 2
  m_ObjectHideFlags: 0
  m_PrefabParentObject: {fileID: 0}
  m_PrefabInternal: {fileID: 100100000}
  m_GameObject: {fileID: 1965814079388699}
  m_ConnectedBody: {fileID: 0}
  m_Anchor: {x: 0, y: 4.93, z: 0}
  m_AutoConfigureConnectedAnchor: 1
  m_ConnectedAnchor: {x: 0, y: 4.93, z: 0}
  m_Spring: 1000
  m_Damper: 20
  m_MinDistance: 0.6
  m_MaxDistance: 0
  m_Tolerance: 0.025
  m_BreakForce: Infinity
  m_BreakTorque: Infinity
  m_EnableCollision: 0
  m_EnablePreprocessing: 1
--- !u!114 &114344242816618463
MonoBehaviour:
  m_ObjectHideFlags: 0
  m_PrefabParentObject: {fileID: 0}
  m_PrefabInternal: {fileID: 100100000}
  m_GameObject: {fileID: 1965814079388699}
  m_Enabled: 1
  m_EditorHideFlags: 0
  m_Script: {fileID: 11500000, guid: 519636138da1f93dacb68edc8dd0f672, type: 3}
  m_Name:
  m_EditorClassIdentifier:
  m_minSpeedBeforeTorque: 7
  m_minTorque: 800
  m_maxTorque: 1000
  m_maxSpeedForTorque: 20
  m_driveMaxVel: 20
  m_driveMinForce: 2000
  m_driveMaxForce: 2000
  m_reverse: 1
  m_maxRotAngle: 55
  m_maxSpeedForRot: 30
  m_rotSmoothTime: 0.15
  m_replacements:
  - {fileID: 1326087555034958, guid: 6a5bea4c7009dbc48afa98b3206a9e72, type: 2}
  - {fileID: 1200448630419923, guid: ad5e33c00d8b5934d9d6a32e2b8f978e, type: 2}
  - {fileID: 1506389398389704, guid: c9c64e85d6eb7a24b8e6a76ac71ac6fd, type: 2}
  - {fileID: 1993329798868129, guid: d4ec6b4256d22fd47b207916c84c2726, type: 2}
  - {fileID: 1691392906092362, guid: 15f6ab7a1649c1242a606c1af0f27d08, type: 2}
  - {fileID: 1817093624826864, guid: be5f768b3681df44fac25233031f5b42, type: 2}
  - {fileID: 1845022434731245, guid: 98975fbb2fdc3ab46adfa4cbf28a2257, type: 2}
  - {fileID: 1474260605397029, guid: 739980d95068f9f4a9c7475ead136048, type: 2}
  - {fileID: 1578219877978377, guid: 17788a6e7ac69e04aa5b7d43a7090131, type: 2}
  - {fileID: 1463239634013290, guid: d6c61480c133b154994b1e32b36b410e, type: 2}
  - {fileID: 1785819805165527, guid: d0447e4e7a5e5784ea84734ed14d0912, type: 2}
  - {fileID: 1042603570975996, guid: 307f145f072a04542b82baadfa48302e, type: 2}
  - {fileID: 1062965570442995, guid: ad116e4d3bca23547829fce284a1940c, type: 2}
  m_replacementsValues:
  - {fileID: 1917182341332530, guid: 02653232779cf0d419f7a53d6d71f3f4, type: 2}
  - {fileID: 1328280253051583, guid: a63aac4e639b1fd4fa0dc14f79ce4125, type: 2}
  - {fileID: 1694583123529293, guid: 3cd8971e714839747a3334ab8135f17d, type: 2}
  - {fileID: 1119636667860660, guid: 143317efeaafcba40bbc4d1cfed41cb0, type: 2}
  - {fileID: 1838478936062252, guid: c157d1aefe558a4419ac6af364b29412, type: 2}
  - {fileID: 1846689189019875, guid: 0559ad3729d6d6f4da18d028b9933ca8, type: 2}
  - {fileID: 1145601128115096, guid: fa80c5289238c5a408cee98fd714057a, type: 2}
  - {fileID: 1370573386137146, guid: 5a15547edc767fa49a17ad8e668f058c, type: 2}
  - {fileID: 1083118548315099, guid: 51d7e09ee9b15a2419add74ebb9ff3b8, type: 2}
  - {fileID: 1816150253026919, guid: a248bdc84917b1b4783bd6e59790f5b6, type: 2}
  - {fileID: 1417048481197035, guid: 1fc32470eccabee408fb8ee6b8ccbd98, type: 2}
  - {fileID: 1005458220592644, guid: 8a072d8305bf7ca41bbacdf583e3d84b, type: 2}
  - {fileID: 1748140510036952, guid: 2e9ac914f2484a647a251d3f0258ff09, type: 2}
  m_materialReplacements: []
  m_materialReplacementsValues: []
  m_hexMaterialReplacements: []
  m_hexMaterialReplacementsValues: []
  m_setPieceReplacements: []
  m_setPieceReplacementsValues: []
  m_tilesetOverrides:
  - m_ignoreMe:
    m_toReplace: {fileID: 114224042674438150, guid: c93741dd16afa864c868d46a513c76b8, type: 2}
    m_replacement: {fileID: 114300072187315270, guid: ea2cec18a4461e442be4c81eed9f51da, type: 2}
    m_chance: 1
  - m_ignoreMe:
    m_toReplace: {fileID: 114884192682730392, guid: ce1382d5ea760514ca154e24be1e8db9, type: 2}
    m_replacement: {fileID: 114300072187315270, guid: ea2cec18a4461e442be4c81eed9f51da, type: 2}
    m_chance: 1
  - m_ignoreMe:
    m_toReplace: {fileID: 114605634674460928, guid: 89ce73cc5ef6f65448122feea147d1e4, type: 2}
    m_replacement: {fileID: 114300072187315270, guid: ea2cec18a4461e442be4c81eed9f51da, type: 2}
    m_chance: 1
  - m_ignoreMe:
    m_toReplace: {fileID: 114761474039045212, guid: 477b6d52a5128754a8bd7ef64aeb925a, type: 2}
    m_replacement: {fileID: 114300072187315270, guid: ea2cec18a4461e442be4c81eed9f51da, type: 2}
    m_chance: 1
  - m_ignoreMe:
    m_toReplace: {fileID: 114635890511185578, guid: 36bfeaf1f22c9fe4b9eed5bf4ccf635d, type: 2}
    m_replacement: {fileID: 114524567178287258, guid: f83f3d1e1d9d45c479bad1762fde8a57, type: 2}
    m_chance: 1
  - m_ignoreMe:
    m_toReplace: {fileID: 114627100066418011, guid: a8f2c94b521c1a248a929c1ad5150fa8, type: 2}
    m_replacement: {fileID: 114524567178287258, guid: f83f3d1e1d9d45c479bad1762fde8a57, type: 2}
    m_chance: 1
  - m_ignoreMe:
    m_toReplace: {fileID: 114805291940873312, guid: 453a8de68035e664697757ab875a6d37, type: 2}
    m_replacement: {fileID: 114524567178287258, guid: f83f3d1e1d9d45c479bad1762fde8a57, type: 2}
    m_chance: 1
  - m_ignoreMe:
    m_toReplace: {fileID: 114514422554322154, guid: 4f2c8e8c6530be74c9407db389a347fb, type: 2}
    m_replacement: {fileID: 114524567178287258, guid: f83f3d1e1d9d45c479bad1762fde8a57, type: 2}
    m_chance: 1
  m_customUIPrefab: {fileID: 0}
  m_additions: []
  m_additionsValues:
  - {fileID: 1683383035692767, guid: 1afe39826ae120341a3327485c423705, type: 2}
  - {fileID: 1683383035692767, guid: 1afe39826ae120341a3327485c423705, type: 2}
  - {fileID: 1683383035692767, guid: 1afe39826ae120341a3327485c423705, type: 2}
  - {fileID: 1683383035692767, guid: 1afe39826ae120341a3327485c423705, type: 2}
  - {fileID: 1683383035692767, guid: 1afe39826ae120341a3327485c423705, type: 2}
  - {fileID: 1683383035692767, guid: 1afe39826ae120341a3327485c423705, type: 2}
  - {fileID: 1683383035692767, guid: 1afe39826ae120341a3327485c423705, type: 2}
  - {fileID: 1683383035692767, guid: 1afe39826ae120341a3327485c423705, type: 2}
  - {fileID: 1683383035692767, guid: 1afe39826ae120341a3327485c423705, type: 2}
  - {fileID: 1683383035692767, guid: 1afe39826ae120341a3327485c423705, type: 2}
  - {fileID: 1683383035692767, guid: 1afe39826ae120341a3327485c423705, type: 2}
  - {fileID: 1683383035692767, guid: 1afe39826ae120341a3327485c423705, type: 2}
  - {fileID: 1703481301928615, guid: b1de222992298b644a6e94c3b3bd44d2, type: 2}
  - {fileID: 1703481301928615, guid: b1de222992298b644a6e94c3b3bd44d2, type: 2}
  - {fileID: 1703481301928615, guid: b1de222992298b644a6e94c3b3bd44d2, type: 2}
  - {fileID: 1683383035692767, guid: 1afe39826ae120341a3327485c423705, type: 2}
  - {fileID: 1683383035692767, guid: 1afe39826ae120341a3327485c423705, type: 2}
  - {fileID: 1683383035692767, guid: 1afe39826ae120341a3327485c423705, type: 2}
  - {fileID: 1683383035692767, guid: 1afe39826ae120341a3327485c423705, type: 2}
  - {fileID: 1683383035692767, guid: 1afe39826ae120341a3327485c423705, type: 2}
  - {fileID: 1683383035692767, guid: 1afe39826ae120341a3327485c423705, type: 2}
  - {fileID: 1683383035692767, guid: 1afe39826ae120341a3327485c423705, type: 2}
  - {fileID: 1683383035692767, guid: 1afe39826ae120341a3327485c423705, type: 2}
  - {fileID: 1683383035692767, guid: 1afe39826ae120341a3327485c423705, type: 2}
  - {fileID: 1683383035692767, guid: 1afe39826ae120341a3327485c423705, type: 2}
  - {fileID: 1683383035692767, guid: 1afe39826ae120341a3327485c423705, type: 2}
  - {fileID: 1683383035692767, guid: 1afe39826ae120341a3327485c423705, type: 2}
  - {fileID: 1683383035692767, guid: 1afe39826ae120341a3327485c423705, type: 2}
  - {fileID: 1683383035692767, guid: 1afe39826ae120341a3327485c423705, type: 2}
  - {fileID: 1683383035692767, guid: 1afe39826ae120341a3327485c423705, type: 2}
  - {fileID: 1683383035692767, guid: 1afe39826ae120341a3327485c423705, type: 2}
  - {fileID: 1683383035692767, guid: 1afe39826ae120341a3327485c423705, type: 2}
  - {fileID: 1683383035692767, guid: 1afe39826ae120341a3327485c423705, type: 2}
  - {fileID: 1683383035692767, guid: 1afe39826ae120341a3327485c423705, type: 2}
  - {fileID: 1683383035692767, guid: 1afe39826ae120341a3327485c423705, type: 2}
  - {fileID: 1683383035692767, guid: 1afe39826ae120341a3327485c423705, type: 2}
  - {fileID: 1683383035692767, guid: 1afe39826ae120341a3327485c423705, type: 2}
  - {fileID: 1683383035692767, guid: 1afe39826ae120341a3327485c423705, type: 2}
  - {fileID: 1683383035692767, guid: 1afe39826ae120341a3327485c423705, type: 2}
  - {fileID: 1683383035692767, guid: 1afe39826ae120341a3327485c423705, type: 2}
  - {fileID: 1683383035692767, guid: 1afe39826ae120341a3327485c423705, type: 2}
  - {fileID: 1683383035692767, guid: 1afe39826ae120341a3327485c423705, type: 2}
  - {fileID: 1683383035692767, guid: 1afe39826ae120341a3327485c423705, type: 2}
  - {fileID: 1683383035692767, guid: 1afe39826ae120341a3327485c423705, type: 2}
  - {fileID: 1683383035692767, guid: 1afe39826ae120341a3327485c423705, type: 2}
  - {fileID: 1703481301928615, guid: b1de222992298b644a6e94c3b3bd44d2, type: 2}
  - {fileID: 1683383035692767, guid: 1afe39826ae120341a3327485c423705, type: 2}
  - {fileID: 1683383035692767, guid: 1afe39826ae120341a3327485c423705, type: 2}
  - {fileID: 1683383035692767, guid: 1afe39826ae120341a3327485c423705, type: 2}
  - {fileID: 1683383035692767, guid: 1afe39826ae120341a3327485c423705, type: 2}
  - {fileID: 1683383035692767, guid: 1afe39826ae120341a3327485c423705, type: 2}
  - {fileID: 1683383035692767, guid: 1afe39826ae120341a3327485c423705, type: 2}
  - {fileID: 1683383035692767, guid: 1afe39826ae120341a3327485c423705, type: 2}
  - {fileID: 1683383035692767, guid: 1afe39826ae120341a3327485c423705, type: 2}
  - {fileID: 1683383035692767, guid: 1afe39826ae120341a3327485c423705, type: 2}
  m_colorize:
  - {fileID: 2100000, guid: bdea071064f662e4c85f25d5099eb782, type: 2}
  - {fileID: 2100000, guid: 9721e9449f8630b42a47c6fa1241b072, type: 2}
  - {fileID: 2100000, guid: 2d288982ec7b347499ec33f933e3a112, type: 2}
  - {fileID: 2100000, guid: 618baa8eb7cac2d40a5fe0978bc86818, type: 2}
  - {fileID: 2100000, guid: a89160079cfd3dd48af263e8fe2a7c90, type: 2}
  - {fileID: 2100000, guid: d3fd868fd440b7b4ca75da7c707bfb01, type: 2}
  m_colorizeValues:
  - {r: 0.875, g: 0, b: 0, a: 1}
  - {r: 0.8490871, g: 0.31617647, b: 1, a: 1}
  - {r: 0.8745099, g: 0, b: 0, a: 1}
  - {r: 1, g: 0.7340771, b: 0.49264705, a: 1}
  - {r: 0.85098046, g: 0.31764707, b: 1, a: 1}
  - {r: 1, g: 0.3176471, b: 0.3176471, a: 1}
  m_customShaderKeyword:
  m_monochromeBlack: {r: 0, g: 0, b: 0, a: 1}
  m_monochromeWhite: {r: 1, g: 1, b: 1, a: 1}
  m_monochromeScale: 1
  m_skyboxTexture: {fileID: 0}
  m_goldMaterial: {fileID: 0}
  m_onLoad:
    m_PersistentCalls:
      m_Calls: []
    m_TypeName: UnityEngine.Events.UnityEvent, UnityEngine, Version=0.0.0.0, Culture=neutral, PublicKeyToken=null
  m_onUnload:
    m_PersistentCalls:
      m_Calls: []
    m_TypeName: UnityEngine.Events.UnityEvent, UnityEngine, Version=0.0.0.0, Culture=neutral, PublicKeyToken=null
--- !u!114 &114865022888781105
MonoBehaviour:
  m_ObjectHideFlags: 0
  m_PrefabParentObject: {fileID: 0}
  m_PrefabInternal: {fileID: 100100000}
  m_GameObject: {fileID: 1965814079388699}
  m_Enabled: 1
  m_EditorHideFlags: 0
  m_Script: {fileID: 11500000, guid: f3700d0da111cce8685dbbf79aa8cf16, type: 3}
  m_Name:
  m_EditorClassIdentifier:
  m_position: {x: 0, y: 0, z: 0}
--- !u!1 &1689787745327516
GameObject:
  serializedVersion: 5
  m_ObjectHideFlags: 0
  m_PrefabParentObject: {fileID: 0}
  m_PrefabInternal: {fileID: 100100000}
  m_Component:
  - component: {fileID: 4135219956318738}
  - component: {fileID: 54561867236251901}
  - component: {fileID: 59515227797811960}
  m_Layer: 8
  m_Name: LShoulder
  m_TagString: Untagged
  m_Icon: {fileID: 0}
  m_NavMeshLayer: 0
  m_StaticEditorFlags: 0
  m_IsActive: 1
--- !u!4 &4135219956318738
Transform:
  m_ObjectHideFlags: 0
  m_PrefabParentObject: {fileID: 0}
  m_PrefabInternal: {fileID: 100100000}
  m_GameObject: {fileID: 1689787745327516}
  m_LocalRotation: {x: 0, y: 0, z: 0, w: 1}
  m_LocalPosition: {x: 1.152, y: 2.86, z: 0}
  m_LocalScale: {x: 1, y: 1, z: 1}
  m_Children:
  - {fileID: 4956618777724489}
  m_Father: {fileID: 4361865145178708}
  m_RootOrder: 0
  m_LocalEulerAnglesHint: {x: 0, y: -0, z: -0}
--- !u!54 &54561867236251901
Rigidbody:
  serializedVersion: 2
  m_ObjectHideFlags: 0
  m_PrefabParentObject: {fileID: 0}
  m_PrefabInternal: {fileID: 100100000}
  m_GameObject: {fileID: 1689787745327516}
  m_Mass: 0.0001
  m_Drag: 0
  m_AngularDrag: 0
  m_UseGravity: 0
  m_IsKinematic: 0
  m_Interpolate: 0
  m_Constraints: 0
  m_CollisionDetection: 0
--- !u!59 &59515227797811960
HingeJoint:
  m_ObjectHideFlags: 0
  m_PrefabParentObject: {fileID: 0}
  m_PrefabInternal: {fileID: 100100000}
  m_GameObject: {fileID: 1689787745327516}
  m_ConnectedBody: {fileID: 54856802071066060}
  m_Anchor: {x: 0, y: 0, z: 0}
  m_Axis: {x: 0, y: 0, z: 1}
  m_AutoConfigureConnectedAnchor: 1
  m_ConnectedAnchor: {x: 1.152, y: 2.766, z: 0}
  m_UseSpring: 1
  m_Spring:
    spring: 80
    damper: 1
    targetPosition: 0
  m_UseMotor: 0
  m_Motor:
    targetVelocity: 0
    force: 0
    freeSpin: 0
  m_UseLimits: 1
  m_Limits:
    min: -10
    max: 20
    bounciness: 0
    bounceMinVelocity: 0.2
    contactDistance: 0
  m_BreakForce: Infinity
  m_BreakTorque: Infinity
  m_EnableCollision: 0
  m_EnablePreprocessing: 1
--- !u!1 &1048219822302562
GameObject:
  serializedVersion: 5
  m_ObjectHideFlags: 0
  m_PrefabParentObject: {fileID: 0}
  m_PrefabInternal: {fileID: 100100000}
  m_Component:
  - component: {fileID: 4956618777724489}
  - component: {fileID: 33821883085869855}
  - component: {fileID: 23416835244134680}
  - component: {fileID: 54264371510536251}
  - component: {fileID: 59733219710563112}
  - component: {fileID: 114976278852971496}
  m_Layer: 8
  m_Name: LArm
  m_TagString: Untagged
  m_Icon: {fileID: 0}
  m_NavMeshLayer: 0
  m_StaticEditorFlags: 0
  m_IsActive: 1
--- !u!4 &4956618777724489
Transform:
  m_ObjectHideFlags: 0
  m_PrefabParentObject: {fileID: 0}
  m_PrefabInternal: {fileID: 100100000}
  m_GameObject: {fileID: 1048219822302562}
  m_LocalRotation: {x: 0, y: 0, z: 0.043619394, w: 0.99904823}
  m_LocalPosition: {x: 0, y: 0, z: 0}
  m_LocalScale: {x: 1, y: 1, z: 1}
  m_Children: []
  m_Father: {fileID: 4135219956318738}
  m_RootOrder: 0
  m_LocalEulerAnglesHint: {x: 0, y: -0, z: -5.000001}
--- !u!33 &33821883085869855
MeshFilter:
  m_ObjectHideFlags: 0
  m_PrefabParentObject: {fileID: 0}
  m_PrefabInternal: {fileID: 100100000}
  m_GameObject: {fileID: 1048219822302562}
  m_Mesh: {fileID: 4300000, guid: 8cef4d429692ce24987d690edddb2b51, type: 2}
--- !u!23 &23416835244134680
MeshRenderer:
  m_ObjectHideFlags: 0
  m_PrefabParentObject: {fileID: 0}
  m_PrefabInternal: {fileID: 100100000}
  m_GameObject: {fileID: 1048219822302562}
  m_Enabled: 1
  m_CastShadows: 1
  m_ReceiveShadows: 1
  m_MotionVectors: 1
  m_LightProbeUsage: 1
  m_ReflectionProbeUsage: 1
  m_Materials:
  - {fileID: 2100000, guid: 28a39822a374ff7489db8545658ffac7, type: 2}
  m_StaticBatchInfo:
    firstSubMesh: 0
    subMeshCount: 0
  m_StaticBatchRoot: {fileID: 0}
  m_ProbeAnchor: {fileID: 0}
  m_LightProbeVolumeOverride: {fileID: 0}
  m_ScaleInLightmap: 1
  m_PreserveUVs: 0
  m_IgnoreNormalsForChartDetection: 0
  m_ImportantGI: 0
  m_SelectedEditorRenderState: 3
  m_MinimumChartSize: 4
  m_AutoUVMaxDistance: 0.5
  m_AutoUVMaxAngle: 89
  m_LightmapParameters: {fileID: 0}
  m_SortingLayerID: 0
  m_SortingLayer: 0
  m_SortingOrder: 0
--- !u!54 &54264371510536251
Rigidbody:
  serializedVersion: 2
  m_ObjectHideFlags: 0
  m_PrefabParentObject: {fileID: 0}
  m_PrefabInternal: {fileID: 100100000}
  m_GameObject: {fileID: 1048219822302562}
  m_Mass: 0.0001
  m_Drag: 0
  m_AngularDrag: 0
  m_UseGravity: 0
  m_IsKinematic: 0
  m_Interpolate: 0
  m_Constraints: 0
  m_CollisionDetection: 0
--- !u!59 &59733219710563112
HingeJoint:
  m_ObjectHideFlags: 0
  m_PrefabParentObject: {fileID: 0}
  m_PrefabInternal: {fileID: 100100000}
  m_GameObject: {fileID: 1048219822302562}
  m_ConnectedBody: {fileID: 54561867236251901}
  m_Anchor: {x: 0, y: 0.0022730827, z: 0}
  m_Axis: {x: 1, y: 0, z: 0}
  m_AutoConfigureConnectedAnchor: 1
  m_ConnectedAnchor: {x: -0.000777483, y: 0.002135992, z: 0}
  m_UseSpring: 1
  m_Spring:
    spring: 80
    damper: 1
    targetPosition: 0
  m_UseMotor: 0
  m_Motor:
    targetVelocity: 0
    force: 0
    freeSpin: 0
  m_UseLimits: 1
  m_Limits:
    min: -50
    max: 50
    bounciness: 0
    bounceMinVelocity: 0.2
    contactDistance: 0
  m_BreakForce: Infinity
  m_BreakTorque: Infinity
  m_EnableCollision: 0
  m_EnablePreprocessing: 1
--- !u!114 &114976278852971496
MonoBehaviour:
  m_ObjectHideFlags: 0
  m_PrefabParentObject: {fileID: 0}
  m_PrefabInternal: {fileID: 100100000}
  m_GameObject: {fileID: 1048219822302562}
  m_Enabled: 1
  m_EditorHideFlags: 0
  m_Script: {fileID: 11500000, guid: f3700d0da111cce8685dbbf79aa8cf16, type: 3}
  m_Name:
  m_EditorClassIdentifier:
  m_position: {x: 0.25, y: -1.78, z: 0}
--- !u!1 &1074055203648771
GameObject:
  serializedVersion: 5
  m_ObjectHideFlags: 0
  m_PrefabParentObject: {fileID: 0}
  m_PrefabInternal: {fileID: 100100000}
  m_Component:
  - component: {fileID: 4598176524208957}
  - component: {fileID: 33869850517926379}
  - component: {fileID: 23407747678386252}
  m_Layer: 8
  m_Name: Player
  m_TagString: Untagged
  m_Icon: {fileID: 0}
  m_NavMeshLayer: 0
  m_StaticEditorFlags: 0
  m_IsActive: 1
--- !u!4 &4598176524208957
Transform:
  m_ObjectHideFlags: 0
  m_PrefabParentObject: {fileID: 0}
  m_PrefabInternal: {fileID: 100100000}
  m_GameObject: {fileID: 1074055203648771}
  m_LocalRotation: {x: 0, y: 0, z: 0, w: 1}
  m_LocalPosition: {x: 0, y: 0.48, z: 0}
  m_LocalScale: {x: 1, y: 1, z: 1}
  m_Children: []
  m_Father: {fileID: 4361865145178708}
  m_RootOrder: 1
  m_LocalEulerAnglesHint: {x: 0, y: -0, z: -0}
--- !u!33 &33869850517926379
MeshFilter:
  m_ObjectHideFlags: 0
  m_PrefabParentObject: {fileID: 0}
  m_PrefabInternal: {fileID: 100100000}
  m_GameObject: {fileID: 1074055203648771}
  m_Mesh: {fileID: 4300000, guid: f132132991d190b43aef5790e405d0b1, type: 2}
--- !u!23 &23407747678386252
MeshRenderer:
  m_ObjectHideFlags: 0
  m_PrefabParentObject: {fileID: 0}
  m_PrefabInternal: {fileID: 100100000}
  m_GameObject: {fileID: 1074055203648771}
  m_Enabled: 1
  m_CastShadows: 1
  m_ReceiveShadows: 1
  m_MotionVectors: 1
  m_LightProbeUsage: 1
  m_ReflectionProbeUsage: 1
  m_Materials:
  - {fileID: 2100000, guid: 28a39822a374ff7489db8545658ffac7, type: 2}
  m_StaticBatchInfo:
    firstSubMesh: 0
    subMeshCount: 0
  m_StaticBatchRoot: {fileID: 0}
  m_ProbeAnchor: {fileID: 0}
  m_LightProbeVolumeOverride: {fileID: 0}
  m_ScaleInLightmap: 1
  m_PreserveUVs: 0
  m_IgnoreNormalsForChartDetection: 0
  m_ImportantGI: 0
  m_SelectedEditorRenderState: 3
  m_MinimumChartSize: 4
  m_AutoUVMaxDistance: 0.5
  m_AutoUVMaxAngle: 89
  m_LightmapParameters: {fileID: 0}
  m_SortingLayerID: 0
  m_SortingLayer: 0
  m_SortingOrder: 0
--- !u!1 &1042996020021593
GameObject:
  serializedVersion: 5
  m_ObjectHideFlags: 0
  m_PrefabParentObject: {fileID: 0}
  m_PrefabInternal: {fileID: 100100000}
  m_Component:
  - component: {fileID: 4906332371341030}
  - component: {fileID: 54481420493645894}
  - component: {fileID: 59692999043072078}
  m_Layer: 8
  m_Name: RShoulder
  m_TagString: Untagged
  m_Icon: {fileID: 0}
  m_NavMeshLayer: 0
  m_StaticEditorFlags: 0
  m_IsActive: 1
--- !u!4 &4906332371341030
Transform:
  m_ObjectHideFlags: 0
  m_PrefabParentObject: {fileID: 0}
  m_PrefabInternal: {fileID: 100100000}
  m_GameObject: {fileID: 1042996020021593}
  m_LocalRotation: {x: 0, y: 0, z: 0, w: 1}
  m_LocalPosition: {x: -1.136, y: 2.86, z: 0}
  m_LocalScale: {x: 1, y: 1, z: 1}
  m_Children:
  - {fileID: 4093477485604864}
  m_Father: {fileID: 4361865145178708}
  m_RootOrder: 2
  m_LocalEulerAnglesHint: {x: 0, y: -0, z: -0}
--- !u!54 &54481420493645894
Rigidbody:
  serializedVersion: 2
  m_ObjectHideFlags: 0
  m_PrefabParentObject: {fileID: 0}
  m_PrefabInternal: {fileID: 100100000}
  m_GameObject: {fileID: 1042996020021593}
  m_Mass: 0.0001
  m_Drag: 0
  m_AngularDrag: 0
  m_UseGravity: 0
  m_IsKinematic: 0
  m_Interpolate: 0
  m_Constraints: 0
  m_CollisionDetection: 0
--- !u!59 &59692999043072078
HingeJoint:
  m_ObjectHideFlags: 0
  m_PrefabParentObject: {fileID: 0}
  m_PrefabInternal: {fileID: 100100000}
  m_GameObject: {fileID: 1042996020021593}
  m_ConnectedBody: {fileID: 54856802071066060}
  m_Anchor: {x: 0, y: 0, z: 0}
  m_Axis: {x: 0, y: 0, z: 1}
  m_AutoConfigureConnectedAnchor: 1
  m_ConnectedAnchor: {x: -1.136, y: 2.665, z: 0}
  m_UseSpring: 1
  m_Spring:
    spring: 80
    damper: 1
    targetPosition: 0
  m_UseMotor: 0
  m_Motor:
    targetVelocity: 0
    force: 0
    freeSpin: 0
  m_UseLimits: 1
  m_Limits:
    min: -70
    max: 10
    bounciness: 0
    bounceMinVelocity: 0.2
    contactDistance: 0
  m_BreakForce: Infinity
  m_BreakTorque: Infinity
  m_EnableCollision: 0
  m_EnablePreprocessing: 1
--- !u!1 &1435243878979978
GameObject:
  serializedVersion: 5
  m_ObjectHideFlags: 0
  m_PrefabParentObject: {fileID: 0}
  m_PrefabInternal: {fileID: 100100000}
  m_Component:
  - component: {fileID: 4093477485604864}
  - component: {fileID: 33462331041133207}
  - component: {fileID: 23517291927728580}
  - component: {fileID: 54456167484747673}
  - component: {fileID: 59275847043619473}
  - component: {fileID: 114715328499887635}
  m_Layer: 8
  m_Name: RArm
  m_TagString: Untagged
  m_Icon: {fileID: 0}
  m_NavMeshLayer: 0
  m_StaticEditorFlags: 0
  m_IsActive: 1
--- !u!4 &4093477485604864
Transform:
  m_ObjectHideFlags: 0
  m_PrefabParentObject: {fileID: 0}
  m_PrefabInternal: {fileID: 100100000}
  m_GameObject: {fileID: 1435243878979978}
  m_LocalRotation: {x: 0, y: 0, z: -0.043619394, w: 0.99904823}
  m_LocalPosition: {x: 0, y: 0, z: 0}
  m_LocalScale: {x: 1, y: 1, z: 1}
  m_Children: []
  m_Father: {fileID: 4906332371341030}
  m_RootOrder: 0
  m_LocalEulerAnglesHint: {x: 0, y: -0, z: 5.000001}
--- !u!33 &33462331041133207
MeshFilter:
  m_ObjectHideFlags: 0
  m_PrefabParentObject: {fileID: 0}
  m_PrefabInternal: {fileID: 100100000}
  m_GameObject: {fileID: 1435243878979978}
  m_Mesh: {fileID: 4300000, guid: 5d2d699dbbb032643ae12d64d41a05f7, type: 2}
--- !u!23 &23517291927728580
MeshRenderer:
  m_ObjectHideFlags: 0
  m_PrefabParentObject: {fileID: 0}
  m_PrefabInternal: {fileID: 100100000}
  m_GameObject: {fileID: 1435243878979978}
  m_Enabled: 1
  m_CastShadows: 1
  m_ReceiveShadows: 1
  m_MotionVectors: 1
  m_LightProbeUsage: 1
  m_ReflectionProbeUsage: 1
  m_Materials:
  - {fileID: 2100000, guid: 28a39822a374ff7489db8545658ffac7, type: 2}
  m_StaticBatchInfo:
    firstSubMesh: 0
    subMeshCount: 0
  m_StaticBatchRoot: {fileID: 0}
  m_ProbeAnchor: {fileID: 0}
  m_LightProbeVolumeOverride: {fileID: 0}
  m_ScaleInLightmap: 1
  m_PreserveUVs: 0
  m_IgnoreNormalsForChartDetection: 0
  m_ImportantGI: 0
  m_SelectedEditorRenderState: 3
  m_MinimumChartSize: 4
  m_AutoUVMaxDistance: 0.5
  m_AutoUVMaxAngle: 89
  m_LightmapParameters: {fileID: 0}
  m_SortingLayerID: 0
  m_SortingLayer: 0
  m_SortingOrder: 0
--- !u!54 &54456167484747673
Rigidbody:
  serializedVersion: 2
  m_ObjectHideFlags: 0
  m_PrefabParentObject: {fileID: 0}
  m_PrefabInternal: {fileID: 100100000}
  m_GameObject: {fileID: 1435243878979978}
  m_Mass: 0.0001
  m_Drag: 0
  m_AngularDrag: 0
  m_UseGravity: 0
  m_IsKinematic: 0
  m_Interpolate: 0
  m_Constraints: 0
  m_CollisionDetection: 0
--- !u!59 &59275847043619473
HingeJoint:
  m_ObjectHideFlags: 0
  m_PrefabParentObject: {fileID: 0}
  m_PrefabInternal: {fileID: 100100000}
  m_GameObject: {fileID: 1435243878979978}
  m_ConnectedBody: {fileID: 54481420493645894}
  m_Anchor: {x: 0, y: 0.0022730827, z: 0}
  m_Axis: {x: 1, y: 0, z: 0}
  m_AutoConfigureConnectedAnchor: 1
  m_ConnectedAnchor: {x: 0.000777483, y: 0.002135992, z: 0}
  m_UseSpring: 1
  m_Spring:
    spring: 80
    damper: 1
    targetPosition: 0
  m_UseMotor: 0
  m_Motor:
    targetVelocity: 0
    force: 0
    freeSpin: 0
  m_UseLimits: 1
  m_Limits:
    min: -40
    max: 90
    bounciness: 0
    bounceMinVelocity: 0.2
    contactDistance: 0
  m_BreakForce: Infinity
  m_BreakTorque: Infinity
  m_EnableCollision: 0
  m_EnablePreprocessing: 1
--- !u!114 &114715328499887635
MonoBehaviour:
  m_ObjectHideFlags: 0
  m_PrefabParentObject: {fileID: 0}
  m_PrefabInternal: {fileID: 100100000}
  m_GameObject: {fileID: 1435243878979978}
  m_Enabled: 1
  m_EditorHideFlags: 0
  m_Script: {fileID: 11500000, guid: f3700d0da111cce8685dbbf79aa8cf16, type: 3}
  m_Name:
  m_EditorClassIdentifier:
  m_position: {x: -0.27, y: 3, z: 0}
