%YAML 1.1
%TAG !u! tag:unity3d.com,2011:
--- !u!1001 &100100000
Prefab:
  serializedVersion: 2
  m_ObjectHideFlags: 0
  m_Modification:
    m_TransformParent: {fileID: 0}
    m_Modifications: []
    m_RemovedComponents: []
  m_ParentPrefab: {fileID: 0}
  m_RootGameObject: {fileID: 1091148435374759}
  m_IsPrefabParent: 1
--- !u!1 &1091148435374759
GameObject:
  serializedVersion: 5
  m_ObjectHideFlags: 0
  m_PrefabParentObject: {fileID: 0}
  m_PrefabInternal: {fileID: 100100000}
  m_Component:
  - component: {fileID: 4505215836260324}
  - component: {fileID: 54857583679393079}
  - component: {fileID: 135934581402426888}
  - component: {fileID: 75593480988096090}
  - component: {fileID: 153899453570059598}
  - component: {fileID: 145718097378486947}
  - component: {fileID: 114009522057951926}
  - component: {fileID: 114797544518862389}
  - component: {fileID: 114494707917514693}
  - component: {fileID: 114095240125326190}
  m_Layer: 8
  m_Name: Reynold
  m_TagString: Untagged
  m_Icon: {fileID: 0}
  m_NavMeshLayer: 0
  m_StaticEditorFlags: 0
  m_IsActive: 1
--- !u!4 &4505215836260324
Transform:
  m_ObjectHideFlags: 0
  m_PrefabParentObject: {fileID: 0}
  m_PrefabInternal: {fileID: 100100000}
  m_GameObject: {fileID: 1091148435374759}
  m_LocalRotation: {x: 0, y: 0, z: 0, w: 1}
  m_LocalPosition: {x: 0, y: 0, z: 0}
  m_LocalScale: {x: 1, y: 1, z: 1}
  m_Children:
  - {fileID: 4468944220147030}
  - {fileID: 4277688484760489}
  - {fileID: 4103895235120298}
  - {fileID: 4519790821464539}
  m_Father: {fileID: 0}
  m_RootOrder: 0
  m_LocalEulerAnglesHint: {x: 0, y: -0, z: -0}
--- !u!54 &54857583679393079
Rigidbody:
  serializedVersion: 2
  m_ObjectHideFlags: 0
  m_PrefabParentObject: {fileID: 0}
  m_PrefabInternal: {fileID: 100100000}
  m_GameObject: {fileID: 1091148435374759}
  m_Mass: 1
  m_Drag: 10
  m_AngularDrag: 5
  m_UseGravity: 0
  m_IsKinematic: 0
  m_Interpolate: 0
  m_Constraints: 0
  m_CollisionDetection: 0
--- !u!135 &135934581402426888
SphereCollider:
  serializedVersion: 2
  m_ObjectHideFlags: 0
  m_PrefabParentObject: {fileID: 0}
  m_PrefabInternal: {fileID: 100100000}
  m_GameObject: {fileID: 1091148435374759}
  m_Material: {fileID: 0}
  m_IsTrigger: 0
  m_Enabled: 1
  m_Radius: 1.5
  m_Center: {x: 0, y: 3.7, z: 0}
--- !u!75 &75593480988096090
ConstantForce:
  m_ObjectHideFlags: 0
  m_PrefabParentObject: {fileID: 0}
  m_PrefabInternal: {fileID: 100100000}
  m_GameObject: {fileID: 1091148435374759}
  m_Enabled: 1
  m_Force: {x: 0, y: 0, z: 0}
  m_RelativeForce: {x: 0, y: 0, z: 0}
  m_Torque: {x: 0, y: 0, z: 0}
  m_RelativeTorque: {x: 0, y: 0, z: 0}
--- !u!153 &153899453570059598
ConfigurableJoint:
  serializedVersion: 2
  m_ObjectHideFlags: 0
  m_PrefabParentObject: {fileID: 0}
  m_PrefabInternal: {fileID: 100100000}
  m_GameObject: {fileID: 1091148435374759}
  m_ConnectedBody: {fileID: 0}
  m_Anchor: {x: 0, y: 1.8, z: 0}
  m_Axis: {x: 1, y: 0, z: 0}
  m_AutoConfigureConnectedAnchor: 1
  m_ConnectedAnchor: {x: 0, y: 1.8, z: 0}
  m_SecondaryAxis: {x: 0, y: 1, z: 0}
  m_XMotion: 0
  m_YMotion: 0
  m_ZMotion: 0
  m_AngularXMotion: 2
  m_AngularYMotion: 2
  m_AngularZMotion: 2
  m_LinearLimitSpring:
    spring: 0
    damper: 0
  m_LinearLimit:
    limit: 0
    bounciness: 0
    contactDistance: 0
  m_AngularXLimitSpring:
    spring: 5000
    damper: 1000
  m_LowAngularXLimit:
    limit: -10
    bounciness: 0
    contactDistance: 0
  m_HighAngularXLimit:
    limit: 5
    bounciness: 0
    contactDistance: 0
  m_AngularYZLimitSpring:
    spring: 5000
    damper: 1000
  m_AngularYLimit:
    limit: 0
    bounciness: 0
    contactDistance: 0
  m_AngularZLimit:
    limit: 13
    bounciness: 0
    contactDistance: 0
  m_TargetPosition: {x: 0, y: 0, z: 0}
  m_TargetVelocity: {x: 0, y: 0, z: 0}
  m_XDrive:
    serializedVersion: 3
    positionSpring: 0
    positionDamper: 0
    maximumForce: 3.4028233E+38
  m_YDrive:
    serializedVersion: 3
    positionSpring: 0
    positionDamper: 0
    maximumForce: 3.4028233E+38
  m_ZDrive:
    serializedVersion: 3
    positionSpring: 0
    positionDamper: 0
    maximumForce: 3.4028233E+38
  m_TargetRotation: {x: 0, y: 0, z: 0, w: 1}
  m_TargetAngularVelocity: {x: 0, y: 0, z: 0}
  m_RotationDriveMode: 1
  m_AngularXDrive:
    serializedVersion: 3
    positionSpring: 0
    positionDamper: 0
    maximumForce: 0
  m_AngularYZDrive:
    serializedVersion: 3
    positionSpring: 0
    positionDamper: 0
    maximumForce: 0
  m_SlerpDrive:
    serializedVersion: 3
    positionSpring: 50000
    positionDamper: 15
    maximumForce: 50000
  m_ProjectionMode: 0
  m_ProjectionDistance: 0.1
  m_ProjectionAngle: 180
  m_ConfiguredInWorldSpace: 0
  m_SwapBodies: 0
  m_BreakForce: Infinity
  m_BreakTorque: Infinity
  m_EnableCollision: 0
  m_EnablePreprocessing: 1
--- !u!145 &145718097378486947
SpringJoint:
  serializedVersion: 2
  m_ObjectHideFlags: 0
  m_PrefabParentObject: {fileID: 0}
  m_PrefabInternal: {fileID: 100100000}
  m_GameObject: {fileID: 1091148435374759}
  m_ConnectedBody: {fileID: 0}
  m_Anchor: {x: 0, y: 4.93, z: 0}
  m_AutoConfigureConnectedAnchor: 1
  m_ConnectedAnchor: {x: 0, y: 4.93, z: 0}
  m_Spring: 1000
  m_Damper: 20
  m_MinDistance: 0.6
  m_MaxDistance: 0
  m_Tolerance: 0.025
  m_BreakForce: Infinity
  m_BreakTorque: Infinity
  m_EnableCollision: 0
  m_EnablePreprocessing: 1
--- !u!114 &114009522057951926
MonoBehaviour:
  m_ObjectHideFlags: 0
  m_PrefabParentObject: {fileID: 0}
  m_PrefabInternal: {fileID: 100100000}
  m_GameObject: {fileID: 1091148435374759}
  m_Enabled: 1
  m_EditorHideFlags: 0
  m_Script: {fileID: 11500000, guid: 519636138da1f93dacb68edc8dd0f672, type: 3}
  m_Name:
  m_EditorClassIdentifier:
  m_minSpeedBeforeTorque: 7
  m_minTorque: 800
  m_maxTorque: 1000
  m_maxSpeedForTorque: 20
  m_driveMaxVel: 20
  m_driveMinForce: 2000
  m_driveMaxForce: 2000
  m_reverse: 1
  m_maxRotAngle: 55
  m_maxSpeedForRot: 30
  m_rotSmoothTime: 0.15
  m_replacements:
  - {fileID: 1326087555034958, guid: 6a5bea4c7009dbc48afa98b3206a9e72, type: 2}
  - {fileID: 1941737061194073, guid: 38d4037a641597342866a3ab06136798, type: 2}
  - {fileID: 1812294126505140, guid: 39282d36971e75d46ab7925c35d38d99, type: 2}
  - {fileID: 1443709866924554, guid: 3bbae8c8dca8ebc42aa14a09c4ee875b, type: 2}
  - {fileID: 1872234436776329, guid: 907953af8b7d721438e15ec35dc75836, type: 2}
  - {fileID: 1227052786976090, guid: 845c0c2598d43a443af43144af75a59b, type: 2}
  - {fileID: 1550696937711797, guid: 906d6ef6f982bcc49b8f1f47d8697be7, type: 2}
  - {fileID: 1931818796100507, guid: 5862f277ab76aba46a24c2f96ff6255f, type: 2}
  - {fileID: 1954482913668152, guid: 96b3f6b5278a5d34ebf6e2ae83a88f23, type: 2}
  - {fileID: 1220282751914974, guid: 8479a2a907a58de46be43ebb35924d24, type: 2}
  - {fileID: 1024906363752515, guid: aa39b9c3a2ecd1f4abf3131db781d83e, type: 2}
  - {fileID: 1525312788773830, guid: fa46d2441a8eea445ada16549ddc8f8f, type: 2}
  - {fileID: 1365244752141141, guid: b8391f8ac5a579e47a792c659cd6db16, type: 2}
  - {fileID: 1247680005281694, guid: 4ed55d3da0c60214e9978e99f9295fbc, type: 2}
  - {fileID: 1654251508473831, guid: c9898cab0955a0b4f8876509223e6f93, type: 2}
  - {fileID: 1735062435075698, guid: 288dfb738793b594794ca7ed12f27b65, type: 2}
  - {fileID: 1844820540806557, guid: 12cea6047bc13c84f82c37097a3c558e, type: 2}
  - {fileID: 1087109888300672, guid: 38a5827d164c45b4c81db44ad72d863c, type: 2}
  - {fileID: 1919759510170902, guid: 5da8864ed55465d40842b3693c716cbc, type: 2}
  - {fileID: 1742782307111816, guid: 7722a70a1e5d5f14f94d1320cedd082c, type: 2}
  - {fileID: 1571561320077353, guid: 768b71e9d03123e438785518063a4361, type: 2}
  - {fileID: 1706517851953692, guid: 40f2dbd927597024a87bbffe9831e2ae, type: 2}
  - {fileID: 1026236766205850, guid: a9d5983565c0a604db686da277ccd2ef, type: 2}
  - {fileID: 1773628300070521, guid: a59b7256456157c409ae9b2116db079c, type: 2}
  - {fileID: 1200448630419923, guid: ad5e33c00d8b5934d9d6a32e2b8f978e, type: 2}
  - {fileID: 1506389398389704, guid: c9c64e85d6eb7a24b8e6a76ac71ac6fd, type: 2}
  - {fileID: 1993329798868129, guid: d4ec6b4256d22fd47b207916c84c2726, type: 2}
  - {fileID: 1273560409779993, guid: 1abb29f73bae7994fb979aa3d556508b, type: 2}
  - {fileID: 1474260605397029, guid: 739980d95068f9f4a9c7475ead136048, type: 2}
  - {fileID: 1702988578274181, guid: 44a221c2bfb307c448b978e5e8b888ed, type: 2}
  - {fileID: 1597562744903854, guid: 826df3f4ce612944abcfa3f16d57af9c, type: 2}
  - {fileID: 1835737165276124, guid: 72ecb4764404e9d49894b61dadf1e47d, type: 2}
  - {fileID: 1984543458622722, guid: 6f94588a5f5391b45a05f6f751f41291, type: 2}
  - {fileID: 1988596849154341, guid: 74527e95e1e0bfe4fba071391b5b969f, type: 2}
  - {fileID: 1674750727827033, guid: a0d8b61751e4de248ab279aad6e4b745, type: 2}
  - {fileID: 1691392906092362, guid: 15f6ab7a1649c1242a606c1af0f27d08, type: 2}
  - {fileID: 1817093624826864, guid: be5f768b3681df44fac25233031f5b42, type: 2}
  - {fileID: 1845022434731245, guid: 98975fbb2fdc3ab46adfa4cbf28a2257, type: 2}
  - {fileID: 1699287649718609, guid: 2cab5dfb1725bcd4e95115e8675c3aa0, type: 2}
  - {fileID: 1184785290019620, guid: 42354b707067eff4faa97b97399d56be, type: 2}
  - {fileID: 1055219272888891, guid: 3fb4ffc8cf1d9ae42aa0b22f124e42ca, type: 2}
  - {fileID: 1205199906574424, guid: ba266352860d6004881b70875fd4ed66, type: 2}
  - {fileID: 1379840923794822, guid: 12d2259e35f53484a8a62a522844ef7e, type: 2}
  - {fileID: 1411152714825592, guid: ce8d25a8e91dec94dbcd84648889820a, type: 2}
  - {fileID: 1939305458823458, guid: 2e6ae5e9fc73fef40b355975da44bab6, type: 2}
  - {fileID: 1292397107721566, guid: 9a626095af58cfb43b731949a57f91f2, type: 2}
  - {fileID: 1065715490875740, guid: 59529ebcb4eaca14b9b649457a809071, type: 2}
  - {fileID: 1253310436954394, guid: fdd39bb0cf5ca074685ef4fcb02f1879, type: 2}
  - {fileID: 1292973120842436, guid: dc8e72c5322bb6347a9dd1728377371c, type: 2}
  - {fileID: 1542214520233514, guid: 2222e8f759f9b6e428c1a48893b84d2b, type: 2}
  - {fileID: 1464588168901623, guid: cef508eaf70b3074180b09c5d32ae0a6, type: 2}
  - {fileID: 1598995050439544, guid: ca9cb37883e9b464c97c868729cb8a7c, type: 2}
  - {fileID: 1754081208385857, guid: a9a6cde17a0822e4e97a89b4f628133d, type: 2}
  - {fileID: 1787683724849593, guid: 2560721f7916790458934e89764e5974, type: 2}
  - {fileID: 1833247217549452, guid: caeda6a8d801ac544b1e5ffe706d1fbf, type: 2}
  - {fileID: 1168347247353310, guid: 0597ea260b36ac14fa015ae2511f9ade, type: 2}
  - {fileID: 1631686454238386, guid: 3177203823889cb4b974c3dae888df0f, type: 2}
  - {fileID: 1211080211356294, guid: c64073b8b3457e540a76fdd989cc90e1, type: 2}
  - {fileID: 1670574764335379, guid: 78ef351fb5b08184fa37b1520ea047c9, type: 2}
  - {fileID: 1283634922088586, guid: 4a3a1442fae991042b91fd64c68072ad, type: 2}
  - {fileID: 1839256390966741, guid: f6eaf130f5f555249b07dd84b4259aed, type: 2}
  - {fileID: 1954418759808945, guid: 440bc79bdb928ae4ca5f1460a6b11414, type: 2}
  - {fileID: 1159688079278934, guid: eaf1a930d9ddaef468fdeda58b6aac3a, type: 2}
  - {fileID: 1625367839945421, guid: 6f8a2ab9a012b7e41a419f98fdfd91da, type: 2}
  - {fileID: 1401073191992797, guid: f6e4397353278c342a725cfc1f066f3a, type: 2}
  - {fileID: 1390492237504470, guid: 16408dc9bb3c0f3409e0539a148635c4, type: 2}
  - {fileID: 1923716848027105, guid: d18c776515e77164fb38eed8ee57ddeb, type: 2}
  - {fileID: 1686822697498340, guid: 0fdd9b877ab37e247ab208cd456adea0, type: 2}
  - {fileID: 1739199742147609, guid: f72fee66c34d854429487498fd83247f, type: 2}
  - {fileID: 1648453426274331, guid: a71236cf29daed44585d91a23127dec8, type: 2}
  - {fileID: 1924716837919279, guid: 086ff4428dfdf9742aed948a83f1d0f5, type: 2}
  - {fileID: 1523002928798398, guid: ed36356457c706b4880756ea6a4789a8, type: 2}
  - {fileID: 1407870727840100, guid: 4cecc05286a925a48beddf8a4356bb17, type: 2}
  - {fileID: 1904979361614394, guid: 4519963af0302734d92740cbfe346903, type: 2}
  - {fileID: 1823051017844850, guid: 2ab003a5ca77eea49802266e56c7607d, type: 2}
  - {fileID: 1822031313629693, guid: 8a0d82e8c89c3d047b78392c74fb563a, type: 2}
  - {fileID: 1578219877978377, guid: 17788a6e7ac69e04aa5b7d43a7090131, type: 2}
  - {fileID: 1463239634013290, guid: d6c61480c133b154994b1e32b36b410e, type: 2}
  - {fileID: 1785819805165527, guid: d0447e4e7a5e5784ea84734ed14d0912, type: 2}
  - {fileID: 1042603570975996, guid: 307f145f072a04542b82baadfa48302e, type: 2}
  - {fileID: 1062965570442995, guid: ad116e4d3bca23547829fce284a1940c, type: 2}
  - {fileID: 1870547434712269, guid: ba1b6b1e497cfe248af38d3eba1b2cdf, type: 2}
  - {fileID: 1437564208204769, guid: bfc990215f2c4094598a4d38a31b178f, type: 2}
  m_replacementsValues:
  - {fileID: 1661209608520369, guid: 5346aced9ef2f734ab9f176cf30645cb, type: 2}
  - {fileID: 1030049818871318, guid: a4920d9e008547f4fa2a4f4f33cfe278, type: 2}
  - {fileID: 1957291978413945, guid: 00d6f496f050d634fb565fb66c46b46e, type: 2}
  - {fileID: 1462784763480076, guid: c2ab639a890852e49bc938e362dbc05e, type: 2}
  - {fileID: 1032461239430480, guid: c988b3dabed1c0f458b12d1ca1406670, type: 2}
  - {fileID: 1910495076278398, guid: bcff8cfeb6a80a94781a819308ab8da5, type: 2}
  - {fileID: 1109213864204232, guid: ab214591209e30f41a3e95626668252e, type: 2}
  - {fileID: 1327169131331427, guid: 6675eec760ac8d345b57980e3f5ebc9c, type: 2}
  - {fileID: 1588681246449786, guid: a2efa3541a012f449b794ac8652ad997, type: 2}
  - {fileID: 1767201083421594, guid: 0b2ab063a7a46a54e8a206c8219241ed, type: 2}
  - {fileID: 1318009624604158, guid: ddf6cbd734f915f4284cb1244ee244fb, type: 2}
  - {fileID: 1850209499059478, guid: baebb728bf862c64999728dc96758991, type: 2}
  - {fileID: 1805543291256521, guid: 7760902fe19a33c4e8b510393a861655, type: 2}
  - {fileID: 1258753931454738, guid: b8643d6b5f678194ba585521c6fc1a47, type: 2}
  - {fileID: 1207547140313537, guid: 1259a3d230635054dad3d163669686a8, type: 2}
  - {fileID: 1861389760483087, guid: a601e24bfaf0b3b4abf210ab90ce4cc1, type: 2}
  - {fileID: 1469860776936909, guid: 4b27c5fdf6c445b449f3d48131562555, type: 2}
  - {fileID: 1854487418519593, guid: 6ce1a26cb7644a841903271c030a9585, type: 2}
  - {fileID: 1611321844185656, guid: 444f019ced7f71c42a2c3692f34cdbb6, type: 2}
  - {fileID: 1433442307762053, guid: fb0ff8445f19e524fae6c25eecbbaceb, type: 2}
  - {fileID: 1207547140313537, guid: 1259a3d230635054dad3d163669686a8, type: 2}
  - {fileID: 1861389760483087, guid: a601e24bfaf0b3b4abf210ab90ce4cc1, type: 2}
  - {fileID: 1469860776936909, guid: 4b27c5fdf6c445b449f3d48131562555, type: 2}
  - {fileID: 1854487418519593, guid: 6ce1a26cb7644a841903271c030a9585, type: 2}
  - {fileID: 1910495076278398, guid: bcff8cfeb6a80a94781a819308ab8da5, type: 2}
  - {fileID: 1030049818871318, guid: a4920d9e008547f4fa2a4f4f33cfe278, type: 2}
  - {fileID: 1032461239430480, guid: c988b3dabed1c0f458b12d1ca1406670, type: 2}
  - {fileID: 1767201083421594, guid: 0b2ab063a7a46a54e8a206c8219241ed, type: 2}
  - {fileID: 1359657967540478, guid: e25064b4197b0ea47950b9894f406e7b, type: 2}
  - {fileID: 1469860776936909, guid: 4b27c5fdf6c445b449f3d48131562555, type: 2}
  - {fileID: 1207547140313537, guid: 1259a3d230635054dad3d163669686a8, type: 2}
  - {fileID: 1318009624604158, guid: ddf6cbd734f915f4284cb1244ee244fb, type: 2}
  - {fileID: 1810203535826392, guid: b24c2bbcb7bff734a8ba36b755626f57, type: 2}
  - {fileID: 1327169131331427, guid: 6675eec760ac8d345b57980e3f5ebc9c, type: 2}
  - {fileID: 1588681246449786, guid: a2efa3541a012f449b794ac8652ad997, type: 2}
  - {fileID: 1327169131331427, guid: 6675eec760ac8d345b57980e3f5ebc9c, type: 2}
  - {fileID: 1588681246449786, guid: a2efa3541a012f449b794ac8652ad997, type: 2}
  - {fileID: 1258753931454738, guid: b8643d6b5f678194ba585521c6fc1a47, type: 2}
  - {fileID: 1241865289841992, guid: ef808133d2e06594d9adf541c00beb62, type: 2}
  - {fileID: 1002307191461317, guid: 42fd7d89ae77d5e49b60a0858190a310, type: 2}
  - {fileID: 1244006613254527, guid: 4e90cf5f376d14043b885d4426a8f015, type: 2}
  - {fileID: 1462784763480076, guid: c2ab639a890852e49bc938e362dbc05e, type: 2}
  - {fileID: 1032461239430480, guid: c988b3dabed1c0f458b12d1ca1406670, type: 2}
  - {fileID: 1030049818871318, guid: a4920d9e008547f4fa2a4f4f33cfe278, type: 2}
  - {fileID: 1588681246449786, guid: a2efa3541a012f449b794ac8652ad997, type: 2}
  - {fileID: 1767201083421594, guid: 0b2ab063a7a46a54e8a206c8219241ed, type: 2}
  - {fileID: 1258753931454738, guid: b8643d6b5f678194ba585521c6fc1a47, type: 2}
  - {fileID: 1359657967540478, guid: e25064b4197b0ea47950b9894f406e7b, type: 2}
  - {fileID: 1810203535826392, guid: b24c2bbcb7bff734a8ba36b755626f57, type: 2}
  - {fileID: 1241865289841992, guid: ef808133d2e06594d9adf541c00beb62, type: 2}
  - {fileID: 1002307191461317, guid: 42fd7d89ae77d5e49b60a0858190a310, type: 2}
  - {fileID: 1244006613254527, guid: 4e90cf5f376d14043b885d4426a8f015, type: 2}
  - {fileID: 1850209499059478, guid: baebb728bf862c64999728dc96758991, type: 2}
  - {fileID: 1805543291256521, guid: 7760902fe19a33c4e8b510393a861655, type: 2}
  - {fileID: 1207547140313537, guid: 1259a3d230635054dad3d163669686a8, type: 2}
  - {fileID: 1861389760483087, guid: a601e24bfaf0b3b4abf210ab90ce4cc1, type: 2}
  - {fileID: 1469860776936909, guid: 4b27c5fdf6c445b449f3d48131562555, type: 2}
  - {fileID: 1469860776936909, guid: 4b27c5fdf6c445b449f3d48131562555, type: 2}
  - {fileID: 1854487418519593, guid: 6ce1a26cb7644a841903271c030a9585, type: 2}
  - {fileID: 0}
  - {fileID: 1433442307762053, guid: fb0ff8445f19e524fae6c25eecbbaceb, type: 2}
  - {fileID: 1030049818871318, guid: a4920d9e008547f4fa2a4f4f33cfe278, type: 2}
  - {fileID: 1910495076278398, guid: bcff8cfeb6a80a94781a819308ab8da5, type: 2}
  - {fileID: 1032461239430480, guid: c988b3dabed1c0f458b12d1ca1406670, type: 2}
  - {fileID: 1030049818871318, guid: a4920d9e008547f4fa2a4f4f33cfe278, type: 2}
  - {fileID: 1910495076278398, guid: bcff8cfeb6a80a94781a819308ab8da5, type: 2}
  - {fileID: 1611321844185656, guid: 444f019ced7f71c42a2c3692f34cdbb6, type: 2}
  - {fileID: 1767201083421594, guid: 0b2ab063a7a46a54e8a206c8219241ed, type: 2}
  - {fileID: 1588681246449786, guid: a2efa3541a012f449b794ac8652ad997, type: 2}
  - {fileID: 1318009624604158, guid: ddf6cbd734f915f4284cb1244ee244fb, type: 2}
  - {fileID: 1359657967540478, guid: e25064b4197b0ea47950b9894f406e7b, type: 2}
  - {fileID: 1207547140313537, guid: 1259a3d230635054dad3d163669686a8, type: 2}
  - {fileID: 1861389760483087, guid: a601e24bfaf0b3b4abf210ab90ce4cc1, type: 2}
  - {fileID: 1469860776936909, guid: 4b27c5fdf6c445b449f3d48131562555, type: 2}
  - {fileID: 1854487418519593, guid: 6ce1a26cb7644a841903271c030a9585, type: 2}
  - {fileID: 1082710182648534, guid: daac0e8a56a27c14abc1f3502018d47f, type: 2}
  - {fileID: 1244330225593046, guid: a8ed1f165f6ad564b8eaf3fc9eaf4a60, type: 2}
  - {fileID: 1835827904699614, guid: d06046bc68ecbc54eaa0921f07a89a5b, type: 2}
  - {fileID: 1083720604597091, guid: 7106ac5cdd55049488340bf31eacb22e, type: 2}
  - {fileID: 1428638486611382, guid: a5ae1b8da8cd2674a80493bebef13e4a, type: 2}
  - {fileID: 1839688009768566, guid: 9c43db41e003d8948be5fc4fde10388b, type: 2}
  - {fileID: 1546074615212337, guid: 892da12759134c345afbe9eaa2cfd04c, type: 2}
  - {fileID: 1347934032921324, guid: d918e26c12540f14980ba12b5121f054, type: 2}
  m_materialReplacements: []
  m_materialReplacementsValues: []
  m_hexMaterialReplacements:
  - {fileID: 2100000, guid: b847719b5a294304c9205ce8479da64d, type: 2}
  - {fileID: 2100000, guid: 394073badbaf5f2469812306515bf486, type: 2}
  m_hexMaterialReplacementsValues:
  - {fileID: 2100000, guid: d825f9ee23242914ca67ff213ff43889, type: 2}
  - {fileID: 2100000, guid: d825f9ee23242914ca67ff213ff43889, type: 2}
  m_setPieceReplacements: []
  m_setPieceReplacementsValues: []
  m_tilesetOverrides: []
  m_customUIPrefab: {fileID: 0}
  m_additions: []
  m_additionsValues: []
  m_colorize:
  - {fileID: 2100000, guid: bdea071064f662e4c85f25d5099eb782, type: 2}
  - {fileID: 2100000, guid: 9721e9449f8630b42a47c6fa1241b072, type: 2}
  - {fileID: 2100000, guid: 2d288982ec7b347499ec33f933e3a112, type: 2}
  - {fileID: 2100000, guid: 618baa8eb7cac2d40a5fe0978bc86818, type: 2}
  - {fileID: 2100000, guid: a89160079cfd3dd48af263e8fe2a7c90, type: 2}
  - {fileID: 2100000, guid: d3fd868fd440b7b4ca75da7c707bfb01, type: 2}
  m_colorizeValues:
  - {r: 0.9632353, g: 0.6177992, b: 0, a: 1}
  - {r: 1, g: 0.18620673, b: 0, a: 1}
  - {r: 0, g: 0.11069973, b: 0.43382353, a: 1}
  - {r: 0, g: 0.37931013, b: 1, a: 1}
  - {r: 0.36764705, g: 0.5028397, b: 1, a: 1}
  - {r: 1, g: 0, b: 0, a: 1}
  m_customShaderKeyword:
  m_monochromeBlack: {r: 0, g: 0, b: 0, a: 1}
  m_monochromeWhite: {r: 1, g: 1, b: 1, a: 1}
  m_monochromeScale: 1
  m_skyboxTexture: {fileID: 2800000, guid: 2d13ed43625f23c45ae34c1ebf7c1181, type: 3}
  m_goldMaterial: {fileID: 0}
  m_onLoad:
    m_PersistentCalls:
      m_Calls:
      - m_Target: {fileID: 114494707917514693}
        m_MethodName: Trigger
        m_Mode: 1
        m_Arguments:
          m_ObjectArgument: {fileID: 0}
          m_ObjectArgumentAssemblyTypeName: UnityEngine.Object, UnityEngine
          m_IntArgument: 0
          m_FloatArgument: 0
          m_StringArgument:
          m_BoolArgument: 0
        m_CallState: 2
      - m_Target: {fileID: 114095240125326190}
        m_MethodName: Trigger
        m_Mode: 1
        m_Arguments:
          m_ObjectArgument: {fileID: 0}
          m_ObjectArgumentAssemblyTypeName: UnityEngine.Object, UnityEngine
          m_IntArgument: 0
          m_FloatArgument: 0
          m_StringArgument:
          m_BoolArgument: 0
        m_CallState: 2
    m_TypeName: UnityEngine.Events.UnityEvent, UnityEngine, Version=0.0.0.0, Culture=neutral, PublicKeyToken=null
  m_onUnload:
    m_PersistentCalls:
      m_Calls:
      - m_Target: {fileID: 114494707917514693}
        m_MethodName: Untrigger
        m_Mode: 1
        m_Arguments:
          m_ObjectArgument: {fileID: 0}
          m_ObjectArgumentAssemblyTypeName: UnityEngine.Object, UnityEngine
          m_IntArgument: 0
          m_FloatArgument: 0
          m_StringArgument:
          m_BoolArgument: 0
        m_CallState: 2
      - m_Target: {fileID: 114095240125326190}
        m_MethodName: Untrigger
        m_Mode: 1
        m_Arguments:
          m_ObjectArgument: {fileID: 0}
          m_ObjectArgumentAssemblyTypeName: UnityEngine.Object, UnityEngine
          m_IntArgument: 0
          m_FloatArgument: 0
          m_StringArgument:
          m_BoolArgument: 0
        m_CallState: 2
    m_TypeName: UnityEngine.Events.UnityEvent, UnityEngine, Version=0.0.0.0, Culture=neutral, PublicKeyToken=null
--- !u!114 &114797544518862389
MonoBehaviour:
  m_ObjectHideFlags: 0
  m_PrefabParentObject: {fileID: 0}
  m_PrefabInternal: {fileID: 100100000}
  m_GameObject: {fileID: 1091148435374759}
  m_Enabled: 1
  m_EditorHideFlags: 0
  m_Script: {fileID: 11500000, guid: f3700d0da111cce8685dbbf79aa8cf16, type: 3}
  m_Name:
  m_EditorClassIdentifier:
  m_position: {x: 0, y: 0, z: 0}
--- !u!114 &114494707917514693
MonoBehaviour:
  m_ObjectHideFlags: 0
  m_PrefabParentObject: {fileID: 0}
  m_PrefabInternal: {fileID: 100100000}
  m_GameObject: {fileID: 1091148435374759}
  m_Enabled: 1
  m_EditorHideFlags: 0
  m_Script: {fileID: 11500000, guid: 13b5fbbc0ebc0bc278320a0357bb65fc, type: 3}
  m_Name:
  m_EditorClassIdentifier:
  m_priority: 2
  m_color: {r: 0.99264705, g: 0.6223795, b: 0.31385165, a: 1}
  m_intensity: 0.9
  m_tweenTime: 0
  m_curve:
    serializedVersion: 2
    m_Curve:
    - serializedVersion: 2
      time: 0
      value: 0
      inSlope: 1
      outSlope: 1
      tangentMode: 0
    - serializedVersion: 2
      time: 1
      value: 1
      inSlope: 1
      outSlope: 1
      tangentMode: 0
    m_PreInfinity: 2
    m_PostInfinity: 2
    m_RotationOrder: 4
  m_pingpong: 0
  m_pongMultiplier: 1
  m_hasSecondaryLighting: 0
  m_secondaryMinDelayTime: 5
  m_secondaryMaxDelayTime: 10
  m_secondaryMinHoldTime: 0.7
  m_secondaryMaxHoldTime: 1
  m_secondaryColor: {r: 1, g: 1, b: 1, a: 1}
  m_secondaryIntensity: 0
  m_onTriggerSecondary:
    m_PersistentCalls:
      m_Calls: []
    m_TypeName: UnityEngine.Events.UnityEvent, UnityEngine, Version=0.0.0.0, Culture=neutral, PublicKeyToken=null
  m_onUntriggerSecondary:
    m_PersistentCalls:
      m_Calls: []
    m_TypeName: UnityEngine.Events.UnityEvent, UnityEngine, Version=0.0.0.0, Culture=neutral, PublicKeyToken=null
  m_secondaryIntensityCurve:
    serializedVersion: 2
    m_Curve: []
    m_PreInfinity: 2
    m_PostInfinity: 2
    m_RotationOrder: 4
  m_secondaryColorCurve:
    serializedVersion: 2
    m_Curve: []
    m_PreInfinity: 2
    m_PostInfinity: 2
    m_RotationOrder: 4
--- !u!114 &114095240125326190
MonoBehaviour:
  m_ObjectHideFlags: 0
  m_PrefabParentObject: {fileID: 0}
  m_PrefabInternal: {fileID: 100100000}
  m_GameObject: {fileID: 1091148435374759}
  m_Enabled: 1
  m_EditorHideFlags: 0
  m_Script: {fileID: 11500000, guid: 97a19a83ff10bbc18d47ce74638589ae, type: 3}
  m_Name:
  m_EditorClassIdentifier:
  m_priority: 2
  m_minRot: -5
  m_maxRot: 75
  m_minHeight: 60
  m_maxHeight: 400
  m_useDefaultFogSettings: 0
  m_fogColor: {r: 1, g: 1, b: 1, a: 1}
  m_colorize: {r: 1, g: 1, b: 1, a: 1}
  m_fogMinHeight: -80
  m_fogMaxHeight: -5
  m_fogTexture: {fileID: 2800000, guid: 2d13ed43625f23c45ae34c1ebf7c1181, type: 3}
  m_tweenTime: 0
--- !u!1 &1182571938477613
GameObject:
  serializedVersion: 5
  m_ObjectHideFlags: 0
  m_PrefabParentObject: {fileID: 0}
  m_PrefabInternal: {fileID: 100100000}
  m_Component:
  - component: {fileID: 4468944220147030}
  - component: {fileID: 54533469584427555}
  - component: {fileID: 59125961175292211}
  m_Layer: 8
  m_Name: AntennaShoulder
  m_TagString: Untagged
  m_Icon: {fileID: 0}
  m_NavMeshLayer: 0
  m_StaticEditorFlags: 0
  m_IsActive: 1
--- !u!4 &4468944220147030
Transform:
  m_ObjectHideFlags: 0
  m_PrefabParentObject: {fileID: 0}
  m_PrefabInternal: {fileID: 100100000}
  m_GameObject: {fileID: 1182571938477613}
  m_LocalRotation: {x: 0, y: 0, z: 0, w: 1}
  m_LocalPosition: {x: 0, y: 4.73, z: 0}
  m_LocalScale: {x: 1, y: 1, z: 1}
  m_Children:
  - {fileID: 4955028389322572}
  m_Father: {fileID: 4505215836260324}
  m_RootOrder: 0
  m_LocalEulerAnglesHint: {x: 0, y: -0, z: -0}
--- !u!54 &54533469584427555
Rigidbody:
  serializedVersion: 2
  m_ObjectHideFlags: 0
  m_PrefabParentObject: {fileID: 0}
  m_PrefabInternal: {fileID: 100100000}
  m_GameObject: {fileID: 1182571938477613}
  m_Mass: 0.0001
  m_Drag: 0
  m_AngularDrag: 0.05
  m_UseGravity: 0
  m_IsKinematic: 0
  m_Interpolate: 0
  m_Constraints: 0
  m_CollisionDetection: 0
--- !u!59 &59125961175292211
HingeJoint:
  m_ObjectHideFlags: 0
  m_PrefabParentObject: {fileID: 0}
  m_PrefabInternal: {fileID: 100100000}
  m_GameObject: {fileID: 1182571938477613}
  m_ConnectedBody: {fileID: 54857583679393079}
  m_Anchor: {x: 0, y: 0, z: 0}
  m_Axis: {x: 0, y: 0, z: 1}
  m_AutoConfigureConnectedAnchor: 1
  m_ConnectedAnchor: {x: 0, y: 4.73, z: 0}
  m_UseSpring: 1
  m_Spring:
    spring: 100
    damper: 1
    targetPosition: 0
  m_UseMotor: 0
  m_Motor:
    targetVelocity: 0
    force: 0
    freeSpin: 0
  m_UseLimits: 1
  m_Limits:
    min: -30
    max: 30
    bounciness: 0
    bounceMinVelocity: 0.2
    contactDistance: 0
  m_BreakForce: Infinity
  m_BreakTorque: Infinity
  m_EnableCollision: 0
  m_EnablePreprocessing: 1
--- !u!1 &1998009549499382
GameObject:
  serializedVersion: 5
  m_ObjectHideFlags: 0
  m_PrefabParentObject: {fileID: 0}
  m_PrefabInternal: {fileID: 100100000}
  m_Component:
  - component: {fileID: 4955028389322572}
  - component: {fileID: 33972697806271028}
  - component: {fileID: 23414820556911095}
  - component: {fileID: 54732777305481942}
  - component: {fileID: 59966295464828680}
  m_Layer: 8
  m_Name: Antenna
  m_TagString: Untagged
  m_Icon: {fileID: 0}
  m_NavMeshLayer: 0
  m_StaticEditorFlags: 0
  m_IsActive: 1
--- !u!4 &4955028389322572
Transform:
  m_ObjectHideFlags: 0
  m_PrefabParentObject: {fileID: 0}
  m_PrefabInternal: {fileID: 100100000}
  m_GameObject: {fileID: 1998009549499382}
  m_LocalRotation: {x: 0, y: 0, z: 0, w: 1}
  m_LocalPosition: {x: 0, y: 0.53, z: 0}
  m_LocalScale: {x: 1, y: 1, z: 1}
  m_Children: []
  m_Father: {fileID: 4468944220147030}
  m_RootOrder: 0
  m_LocalEulerAnglesHint: {x: 0, y: -0, z: -0}
--- !u!33 &33972697806271028
MeshFilter:
  m_ObjectHideFlags: 0
  m_PrefabParentObject: {fileID: 0}
  m_PrefabInternal: {fileID: 100100000}
  m_GameObject: {fileID: 1998009549499382}
  m_Mesh: {fileID: 4300000, guid: b5a2446cd4448254f9ede66cf92eac8c, type: 2}
--- !u!23 &23414820556911095
MeshRenderer:
  m_ObjectHideFlags: 0
  m_PrefabParentObject: {fileID: 0}
  m_PrefabInternal: {fileID: 100100000}
  m_GameObject: {fileID: 1998009549499382}
  m_Enabled: 1
  m_CastShadows: 1
  m_ReceiveShadows: 1
  m_MotionVectors: 1
  m_LightProbeUsage: 1
  m_ReflectionProbeUsage: 1
  m_Materials:
  - {fileID: 2100000, guid: 28a39822a374ff7489db8545658ffac7, type: 2}
  m_StaticBatchInfo:
    firstSubMesh: 0
    subMeshCount: 0
  m_StaticBatchRoot: {fileID: 0}
  m_ProbeAnchor: {fileID: 0}
  m_LightProbeVolumeOverride: {fileID: 0}
  m_ScaleInLightmap: 1
  m_PreserveUVs: 0
  m_IgnoreNormalsForChartDetection: 0
  m_ImportantGI: 0
  m_SelectedEditorRenderState: 3
  m_MinimumChartSize: 4
  m_AutoUVMaxDistance: 0.5
  m_AutoUVMaxAngle: 89
  m_LightmapParameters: {fileID: 0}
  m_SortingLayerID: 0
  m_SortingLayer: 0
  m_SortingOrder: 0
--- !u!54 &54732777305481942
Rigidbody:
  serializedVersion: 2
  m_ObjectHideFlags: 0
  m_PrefabParentObject: {fileID: 0}
  m_PrefabInternal: {fileID: 100100000}
  m_GameObject: {fileID: 1998009549499382}
  m_Mass: 0.0001
  m_Drag: 0
  m_AngularDrag: 0.05
  m_UseGravity: 0
  m_IsKinematic: 0
  m_Interpolate: 0
  m_Constraints: 0
  m_CollisionDetection: 0
--- !u!59 &59966295464828680
HingeJoint:
  m_ObjectHideFlags: 0
  m_PrefabParentObject: {fileID: 0}
  m_PrefabInternal: {fileID: 100100000}
  m_GameObject: {fileID: 1998009549499382}
  m_ConnectedBody: {fileID: 54533469584427555}
  m_Anchor: {x: 0, y: 0, z: 0}
  m_Axis: {x: 1, y: 0, z: 0}
  m_AutoConfigureConnectedAnchor: 1
  m_ConnectedAnchor: {x: 0, y: 0.5300002, z: 0}
  m_UseSpring: 1
  m_Spring:
    spring: 100
    damper: 1
    targetPosition: 0
  m_UseMotor: 0
  m_Motor:
    targetVelocity: 0
    force: 0
    freeSpin: 0
  m_UseLimits: 1
  m_Limits:
    min: -30
    max: 30
    bounciness: 0
    bounceMinVelocity: 0.2
    contactDistance: 0
  m_BreakForce: Infinity
  m_BreakTorque: Infinity
  m_EnableCollision: 0
  m_EnablePreprocessing: 1
--- !u!1 &1868387017988729
GameObject:
  serializedVersion: 5
  m_ObjectHideFlags: 0
  m_PrefabParentObject: {fileID: 0}
  m_PrefabInternal: {fileID: 100100000}
  m_Component:
  - component: {fileID: 4277688484760489}
  - component: {fileID: 54437915738778646}
  - component: {fileID: 59166038492033931}
  m_Layer: 8
  m_Name: LShoulder
  m_TagString: Untagged
  m_Icon: {fileID: 0}
  m_NavMeshLayer: 0
  m_StaticEditorFlags: 0
  m_IsActive: 1
--- !u!4 &4277688484760489
Transform:
  m_ObjectHideFlags: 0
  m_PrefabParentObject: {fileID: 0}
  m_PrefabInternal: {fileID: 100100000}
  m_GameObject: {fileID: 1868387017988729}
  m_LocalRotation: {x: 0, y: 0, z: 0, w: 1}
  m_LocalPosition: {x: 0.87, y: 2.37, z: 0}
  m_LocalScale: {x: 1, y: 1, z: 1}
  m_Children:
  - {fileID: 4281846038645454}
  m_Father: {fileID: 4505215836260324}
  m_RootOrder: 1
  m_LocalEulerAnglesHint: {x: 0, y: -0, z: -0}
--- !u!54 &54437915738778646
Rigidbody:
  serializedVersion: 2
  m_ObjectHideFlags: 0
  m_PrefabParentObject: {fileID: 0}
  m_PrefabInternal: {fileID: 100100000}
  m_GameObject: {fileID: 1868387017988729}
  m_Mass: 0.0001
  m_Drag: 0
  m_AngularDrag: 0
  m_UseGravity: 0
  m_IsKinematic: 0
  m_Interpolate: 0
  m_Constraints: 0
  m_CollisionDetection: 0
--- !u!59 &59166038492033931
HingeJoint:
  m_ObjectHideFlags: 0
  m_PrefabParentObject: {fileID: 0}
  m_PrefabInternal: {fileID: 100100000}
  m_GameObject: {fileID: 1868387017988729}
  m_ConnectedBody: {fileID: 54857583679393079}
  m_Anchor: {x: 0, y: 0, z: 0}
  m_Axis: {x: 0, y: 0, z: 1}
  m_AutoConfigureConnectedAnchor: 1
  m_ConnectedAnchor: {x: 0.87, y: 2.37, z: 0}
  m_UseSpring: 1
  m_Spring:
    spring: 80
    damper: 1
    targetPosition: 20
  m_UseMotor: 0
  m_Motor:
    targetVelocity: 0
    force: 0
    freeSpin: 0
  m_UseLimits: 1
  m_Limits:
    min: 0
    max: 150
    bounciness: 0
    bounceMinVelocity: 0.2
    contactDistance: 0
  m_BreakForce: Infinity
  m_BreakTorque: Infinity
  m_EnableCollision: 0
  m_EnablePreprocessing: 1
--- !u!1 &1975499032253648
GameObject:
  serializedVersion: 5
  m_ObjectHideFlags: 0
  m_PrefabParentObject: {fileID: 0}
  m_PrefabInternal: {fileID: 100100000}
  m_Component:
  - component: {fileID: 4281846038645454}
  - component: {fileID: 33728322604162322}
  - component: {fileID: 23969394895575761}
  - component: {fileID: 54250317383576333}
  - component: {fileID: 59744651747384572}
  - component: {fileID: 114240864044946207}
  m_Layer: 8
  m_Name: LArm
  m_TagString: Untagged
  m_Icon: {fileID: 0}
  m_NavMeshLayer: 0
  m_StaticEditorFlags: 0
  m_IsActive: 1
--- !u!4 &4281846038645454
Transform:
  m_ObjectHideFlags: 0
  m_PrefabParentObject: {fileID: 0}
  m_PrefabInternal: {fileID: 100100000}
  m_GameObject: {fileID: 1975499032253648}
  m_LocalRotation: {x: 0, y: 0, z: 0, w: 1}
  m_LocalPosition: {x: 0, y: 0, z: 0}
  m_LocalScale: {x: 1, y: 1, z: 1}
  m_Children: []
  m_Father: {fileID: 4277688484760489}
  m_RootOrder: 0
  m_LocalEulerAnglesHint: {x: 0, y: -0, z: -0}
--- !u!33 &33728322604162322
MeshFilter:
  m_ObjectHideFlags: 0
  m_PrefabParentObject: {fileID: 0}
  m_PrefabInternal: {fileID: 100100000}
  m_GameObject: {fileID: 1975499032253648}
  m_Mesh: {fileID: 4300000, guid: fd05bfd5f8861094ebf886d35f0bcecc, type: 2}
--- !u!23 &23969394895575761
MeshRenderer:
  m_ObjectHideFlags: 0
  m_PrefabParentObject: {fileID: 0}
  m_PrefabInternal: {fileID: 100100000}
  m_GameObject: {fileID: 1975499032253648}
  m_Enabled: 1
  m_CastShadows: 1
  m_ReceiveShadows: 1
  m_MotionVectors: 1
  m_LightProbeUsage: 1
  m_ReflectionProbeUsage: 1
  m_Materials:
  - {fileID: 2100000, guid: 28a39822a374ff7489db8545658ffac7, type: 2}
  m_StaticBatchInfo:
    firstSubMesh: 0
    subMeshCount: 0
  m_StaticBatchRoot: {fileID: 0}
  m_ProbeAnchor: {fileID: 0}
  m_LightProbeVolumeOverride: {fileID: 0}
  m_ScaleInLightmap: 1
  m_PreserveUVs: 0
  m_IgnoreNormalsForChartDetection: 0
  m_ImportantGI: 0
  m_SelectedEditorRenderState: 3
  m_MinimumChartSize: 4
  m_AutoUVMaxDistance: 0.5
  m_AutoUVMaxAngle: 89
  m_LightmapParameters: {fileID: 0}
  m_SortingLayerID: 0
  m_SortingLayer: 0
  m_SortingOrder: 0
--- !u!54 &54250317383576333
Rigidbody:
  serializedVersion: 2
  m_ObjectHideFlags: 0
  m_PrefabParentObject: {fileID: 0}
  m_PrefabInternal: {fileID: 100100000}
  m_GameObject: {fileID: 1975499032253648}
  m_Mass: 0.0001
  m_Drag: 0
  m_AngularDrag: 0
  m_UseGravity: 0
  m_IsKinematic: 0
  m_Interpolate: 0
  m_Constraints: 0
  m_CollisionDetection: 0
--- !u!59 &59744651747384572
HingeJoint:
  m_ObjectHideFlags: 0
  m_PrefabParentObject: {fileID: 0}
  m_PrefabInternal: {fileID: 100100000}
  m_GameObject: {fileID: 1975499032253648}
  m_ConnectedBody: {fileID: 54437915738778646}
  m_Anchor: {x: 0, y: 0.0022730827, z: 0}
  m_Axis: {x: 1, y: 0, z: 0}
  m_AutoConfigureConnectedAnchor: 1
  m_ConnectedAnchor: {x: 0, y: 0.0022730827, z: 0}
  m_UseSpring: 1
  m_Spring:
    spring: 80
    damper: 1
    targetPosition: 0
  m_UseMotor: 0
  m_Motor:
    targetVelocity: 0
    force: 0
    freeSpin: 0
  m_UseLimits: 1
  m_Limits:
    min: -130
    max: 130
    bounciness: 0
    bounceMinVelocity: 0.2
    contactDistance: 0
  m_BreakForce: Infinity
  m_BreakTorque: Infinity
  m_EnableCollision: 0
  m_EnablePreprocessing: 1
--- !u!114 &114240864044946207
MonoBehaviour:
  m_ObjectHideFlags: 0
  m_PrefabParentObject: {fileID: 0}
  m_PrefabInternal: {fileID: 100100000}
  m_GameObject: {fileID: 1975499032253648}
  m_Enabled: 1
  m_EditorHideFlags: 0
  m_Script: {fileID: 11500000, guid: f3700d0da111cce8685dbbf79aa8cf16, type: 3}
  m_Name:
  m_EditorClassIdentifier:
  m_position: {x: 0.25, y: -1.78, z: 0}
--- !u!1 &1164882383203441
GameObject:
  serializedVersion: 5
  m_ObjectHideFlags: 0
  m_PrefabParentObject: {fileID: 0}
  m_PrefabInternal: {fileID: 100100000}
  m_Component:
  - component: {fileID: 4103895235120298}
  - component: {fileID: 33729889682475911}
  - component: {fileID: 23880132686408695}
  m_Layer: 8
  m_Name: Player
  m_TagString: Untagged
  m_Icon: {fileID: 0}
  m_NavMeshLayer: 0
  m_StaticEditorFlags: 0
  m_IsActive: 1
--- !u!4 &4103895235120298
Transform:
  m_ObjectHideFlags: 0
  m_PrefabParentObject: {fileID: 0}
  m_PrefabInternal: {fileID: 100100000}
  m_GameObject: {fileID: 1164882383203441}
  m_LocalRotation: {x: 0, y: 0, z: 0, w: 1}
  m_LocalPosition: {x: 0, y: 0, z: 0}
  m_LocalScale: {x: 1, y: 1, z: 1}
  m_Children: []
  m_Father: {fileID: 4505215836260324}
  m_RootOrder: 2
  m_LocalEulerAnglesHint: {x: 0, y: -0, z: -0}
--- !u!33 &33729889682475911
MeshFilter:
  m_ObjectHideFlags: 0
  m_PrefabParentObject: {fileID: 0}
  m_PrefabInternal: {fileID: 100100000}
  m_GameObject: {fileID: 1164882383203441}
  m_Mesh: {fileID: 4300000, guid: 5905550821a72694e8d7bf906cd00b93, type: 2}
--- !u!23 &23880132686408695
MeshRenderer:
  m_ObjectHideFlags: 0
  m_PrefabParentObject: {fileID: 0}
  m_PrefabInternal: {fileID: 100100000}
  m_GameObject: {fileID: 1164882383203441}
  m_Enabled: 1
  m_CastShadows: 1
  m_ReceiveShadows: 1
  m_MotionVectors: 1
  m_LightProbeUsage: 1
  m_ReflectionProbeUsage: 1
  m_Materials:
  - {fileID: 2100000, guid: 28a39822a374ff7489db8545658ffac7, type: 2}
  m_StaticBatchInfo:
    firstSubMesh: 0
    subMeshCount: 0
  m_StaticBatchRoot: {fileID: 0}
  m_ProbeAnchor: {fileID: 0}
  m_LightProbeVolumeOverride: {fileID: 0}
  m_ScaleInLightmap: 1
  m_PreserveUVs: 0
  m_IgnoreNormalsForChartDetection: 0
  m_ImportantGI: 0
  m_SelectedEditorRenderState: 3
  m_MinimumChartSize: 4
  m_AutoUVMaxDistance: 0.5
  m_AutoUVMaxAngle: 89
  m_LightmapParameters: {fileID: 0}
  m_SortingLayerID: 0
  m_SortingLayer: 0
  m_SortingOrder: 0
--- !u!1 &1642984970608520
GameObject:
  serializedVersion: 5
  m_ObjectHideFlags: 0
  m_PrefabParentObject: {fileID: 0}
  m_PrefabInternal: {fileID: 100100000}
  m_Component:
  - component: {fileID: 4519790821464539}
  - component: {fileID: 54570216563693260}
  - component: {fileID: 59007220830064653}
  m_Layer: 8
  m_Name: RShoulder
  m_TagString: Untagged
  m_Icon: {fileID: 0}
  m_NavMeshLayer: 0
  m_StaticEditorFlags: 0
  m_IsActive: 1
--- !u!4 &4519790821464539
Transform:
  m_ObjectHideFlags: 0
  m_PrefabParentObject: {fileID: 0}
  m_PrefabInternal: {fileID: 100100000}
  m_GameObject: {fileID: 1642984970608520}
  m_LocalRotation: {x: 0, y: 0, z: 0, w: 1}
  m_LocalPosition: {x: -0.96, y: 2.3, z: 0}
  m_LocalScale: {x: 1, y: 1, z: 1}
  m_Children:
  - {fileID: 4542341944427007}
  m_Father: {fileID: 4505215836260324}
  m_RootOrder: 3
  m_LocalEulerAnglesHint: {x: 0, y: -0, z: -0}
--- !u!54 &54570216563693260
Rigidbody:
  serializedVersion: 2
  m_ObjectHideFlags: 0
  m_PrefabParentObject: {fileID: 0}
  m_PrefabInternal: {fileID: 100100000}
  m_GameObject: {fileID: 1642984970608520}
  m_Mass: 0.0001
  m_Drag: 0
  m_AngularDrag: 0
  m_UseGravity: 0
  m_IsKinematic: 0
  m_Interpolate: 0
  m_Constraints: 0
  m_CollisionDetection: 0
--- !u!59 &59007220830064653
HingeJoint:
  m_ObjectHideFlags: 0
  m_PrefabParentObject: {fileID: 0}
  m_PrefabInternal: {fileID: 100100000}
  m_GameObject: {fileID: 1642984970608520}
  m_ConnectedBody: {fileID: 54857583679393079}
  m_Anchor: {x: 0, y: 0, z: 0}
  m_Axis: {x: 0, y: 0, z: 1}
  m_AutoConfigureConnectedAnchor: 1
  m_ConnectedAnchor: {x: -0.96, y: 2.3, z: 0}
  m_UseSpring: 1
  m_Spring:
    spring: 80
    damper: 1
    targetPosition: -20
  m_UseMotor: 0
  m_Motor:
    targetVelocity: 0
    force: 0
    freeSpin: 0
  m_UseLimits: 1
  m_Limits:
    min: -150
    max: 0
    bounciness: 0
    bounceMinVelocity: 0.2
    contactDistance: 0
  m_BreakForce: Infinity
  m_BreakTorque: Infinity
  m_EnableCollision: 0
  m_EnablePreprocessing: 1
--- !u!1 &1709429151858595
GameObject:
  serializedVersion: 5
  m_ObjectHideFlags: 0
  m_PrefabParentObject: {fileID: 0}
  m_PrefabInternal: {fileID: 100100000}
  m_Component:
  - component: {fileID: 4542341944427007}
  - component: {fileID: 33603504473250533}
  - component: {fileID: 23468002523538390}
  - component: {fileID: 54895354549654473}
  - component: {fileID: 59955076714575801}
  - component: {fileID: 114214648831333639}
  m_Layer: 8
  m_Name: RArm
  m_TagString: Untagged
  m_Icon: {fileID: 0}
  m_NavMeshLayer: 0
  m_StaticEditorFlags: 0
  m_IsActive: 1
--- !u!4 &4542341944427007
Transform:
  m_ObjectHideFlags: 0
  m_PrefabParentObject: {fileID: 0}
  m_PrefabInternal: {fileID: 100100000}
  m_GameObject: {fileID: 1709429151858595}
  m_LocalRotation: {x: 0, y: 0, z: 0, w: 1}
  m_LocalPosition: {x: 0, y: 0, z: 0}
  m_LocalScale: {x: 1, y: 1, z: 1}
  m_Children: []
  m_Father: {fileID: 4519790821464539}
  m_RootOrder: 0
  m_LocalEulerAnglesHint: {x: 0, y: -0, z: -0}
--- !u!33 &33603504473250533
MeshFilter:
  m_ObjectHideFlags: 0
  m_PrefabParentObject: {fileID: 0}
  m_PrefabInternal: {fileID: 100100000}
  m_GameObject: {fileID: 1709429151858595}
  m_Mesh: {fileID: 4300000, guid: 2307ccee5ea3bd34c91fe04c22885cef, type: 2}
--- !u!23 &23468002523538390
MeshRenderer:
  m_ObjectHideFlags: 0
  m_PrefabParentObject: {fileID: 0}
  m_PrefabInternal: {fileID: 100100000}
  m_GameObject: {fileID: 1709429151858595}
  m_Enabled: 1
  m_CastShadows: 1
  m_ReceiveShadows: 1
  m_MotionVectors: 1
  m_LightProbeUsage: 1
  m_ReflectionProbeUsage: 1
  m_Materials:
  - {fileID: 2100000, guid: 28a39822a374ff7489db8545658ffac7, type: 2}
  m_StaticBatchInfo:
    firstSubMesh: 0
    subMeshCount: 0
  m_StaticBatchRoot: {fileID: 0}
  m_ProbeAnchor: {fileID: 0}
  m_LightProbeVolumeOverride: {fileID: 0}
  m_ScaleInLightmap: 1
  m_PreserveUVs: 0
  m_IgnoreNormalsForChartDetection: 0
  m_ImportantGI: 0
  m_SelectedEditorRenderState: 3
  m_MinimumChartSize: 4
  m_AutoUVMaxDistance: 0.5
  m_AutoUVMaxAngle: 89
  m_LightmapParameters: {fileID: 0}
  m_SortingLayerID: 0
  m_SortingLayer: 0
  m_SortingOrder: 0
--- !u!54 &54895354549654473
Rigidbody:
  serializedVersion: 2
  m_ObjectHideFlags: 0
  m_PrefabParentObject: {fileID: 0}
  m_PrefabInternal: {fileID: 100100000}
  m_GameObject: {fileID: 1709429151858595}
  m_Mass: 0.0001
  m_Drag: 0
  m_AngularDrag: 0
  m_UseGravity: 0
  m_IsKinematic: 0
  m_Interpolate: 0
  m_Constraints: 0
  m_CollisionDetection: 0
--- !u!59 &59955076714575801
HingeJoint:
  m_ObjectHideFlags: 0
  m_PrefabParentObject: {fileID: 0}
  m_PrefabInternal: {fileID: 100100000}
  m_GameObject: {fileID: 1709429151858595}
  m_ConnectedBody: {fileID: 54570216563693260}
  m_Anchor: {x: 0, y: 0.0022730827, z: 0}
  m_Axis: {x: 1, y: 0, z: 0}
  m_AutoConfigureConnectedAnchor: 1
  m_ConnectedAnchor: {x: 0, y: 0.0022730827, z: 0}
  m_UseSpring: 1
  m_Spring:
    spring: 80
    damper: 1
    targetPosition: 0
  m_UseMotor: 0
  m_Motor:
    targetVelocity: 0
    force: 0
    freeSpin: 0
  m_UseLimits: 1
  m_Limits:
    min: -130
    max: 130
    bounciness: 0
    bounceMinVelocity: 0.2
    contactDistance: 0
  m_BreakForce: Infinity
  m_BreakTorque: Infinity
  m_EnableCollision: 0
  m_EnablePreprocessing: 1
--- !u!114 &114214648831333639
MonoBehaviour:
  m_ObjectHideFlags: 0
  m_PrefabParentObject: {fileID: 0}
  m_PrefabInternal: {fileID: 100100000}
  m_GameObject: {fileID: 1709429151858595}
  m_Enabled: 1
  m_EditorHideFlags: 0
  m_Script: {fileID: 11500000, guid: f3700d0da111cce8685dbbf79aa8cf16, type: 3}
  m_Name:
  m_EditorClassIdentifier:
  m_position: {x: -0.27, y: -1.81, z: 0}
