%YAML 1.1
%TAG !u! tag:unity3d.com,2011:
--- !u!91 &9100000
AnimatorController:
  serializedVersion: 5
  m_ObjectHideFlags: 0
  m_PrefabParentObject: {fileID: 0}
  m_PrefabInternal: {fileID: 0}
  m_Name: StandAnim
  m_AnimatorParameters:
  - m_Name: ShrinkStand
    m_Type: 9
    m_DefaultFloat: 0
    m_DefaultInt: 0
    m_DefaultBool: 0
    m_Controller: {fileID: 9100000}
  - m_Name: ResetStand
    m_Type: 9
    m_DefaultFloat: 0
    m_DefaultInt: 0
    m_DefaultBool: 0
    m_Controller: {fileID: 9100000}
  m_AnimatorLayers:
  - serializedVersion: 5
    m_Name: Base Layer
    m_StateMachine: {fileID: 1107425318496008126}
    m_Mask: {fileID: 0}
    m_Motions: []
    m_Behaviours: []
    m_BlendingMode: 0
    m_SyncedLayerIndex: -1
    m_DefaultWeight: 0
    m_IKPass: 0
    m_SyncedLayerAffectsTiming: 0
    m_Controller: {fileID: 9100000}
--- !u!1107 &1107425318496008126
AnimatorStateMachine:
  serializedVersion: 5
  m_ObjectHideFlags: 1
  m_PrefabParentObject: {fileID: 0}
  m_PrefabInternal: {fileID: 0}
  m_Name: Base Layer
  m_ChildStates:
  - m_State: {fileID: 1102152833253820749}
    m_Position: {x: 0, y: 0, z: 0}
  - m_State: {fileID: 1102450748688801394}
    m_Position: {x: 250, y: 0, z: 0}
  - m_State: {fileID: 1102773694855364817}
    m_Position: {x: 0, y: 250, z: 0}
  m_ChildStateMachines: []
  m_AnyStateTransitions: []
  m_EntryTransitions: []
  m_StateMachineTransitions: {}
  m_StateMachineBehaviours: []
  m_AnyStatePosition: {x: 0, y: -250, z: 0}
  m_EntryPosition: {x: 250, y: -250, z: 0}
  m_ExitPosition: {x: 500, y: -250, z: 0}
  m_ParentStateMachinePosition: {x: 800, y: 20, z: 0}
  m_DefaultState: {fileID: 1102152833253820749}
--- !u!1102 &1102152833253820749
AnimatorState:
  serializedVersion: 5
  m_ObjectHideFlags: 1
  m_PrefabParentObject: {fileID: 0}
  m_PrefabInternal: {fileID: 0}
  m_Name: standIdle
  m_Speed: 1
  m_CycleOffset: 0
  m_Transitions:
  - {fileID: 1101454229326302041}
  m_StateMachineBehaviours: []
  m_Position: {x: 0, y: 0, z: 0}
  m_IKOnFeet: 0
  m_WriteDefaultValues: 1
  m_Mirror: 0
  m_SpeedParameterActive: 0
  m_MirrorParameterActive: 0
  m_CycleOffsetParameterActive: 0
  m_Motion: {fileID: 7400000, guid: 9fd5c3b7f43f70449925173987050a46, type: 2}
  m_Tag:
  m_SpeedParameter:
  m_MirrorParameter:
  m_CycleOffsetParameter:
--- !u!1101 &1101454229326302041
AnimatorStateTransition:
  serializedVersion: 3
  m_ObjectHideFlags: 1
  m_PrefabParentObject: {fileID: 0}
  m_PrefabInternal: {fileID: 0}
  m_Name:
  m_Conditions:
  - m_ConditionMode: 1
    m_ConditionEvent: ShrinkStand
    m_EventTreshold: 0
  m_DstStateMachine: {fileID: 0}
  m_DstState: {fileID: 1102773694855364817}
  m_Solo: 0
  m_Mute: 0
  m_IsExit: 0
  m_TransitionDuration: 0.1
  m_TransitionOffset: 0
  m_ExitTime: 0.9
  m_HasExitTime: 0
  m_HasFixedDuration: 0
  m_InterruptionSource: 0
  m_OrderedInterruption: 1
  m_CanTransitionToSelf: 1
--- !u!1102 &1102450748688801394
AnimatorState:
  serializedVersion: 5
  m_ObjectHideFlags: 1
  m_PrefabParentObject: {fileID: 0}
  m_PrefabInternal: {fileID: 0}
  m_Name: standShrunk
  m_Speed: 1
  m_CycleOffset: 0
  m_Transitions:
  - {fileID: 1101205725285734036}
  m_StateMachineBehaviours: []
  m_Position: {x: 250, y: 0, z: 0}
  m_IKOnFeet: 0
  m_WriteDefaultValues: 1
  m_Mirror: 0
  m_SpeedParameterActive: 0
  m_MirrorParameterActive: 0
  m_CycleOffsetParameterActive: 0
  m_Motion: {fileID: 7400000, guid: bc4008717b4b55743ae7d6a4cdfca1ce, type: 2}
  m_Tag:
  m_SpeedParameter:
  m_MirrorParameter:
  m_CycleOffsetParameter:
--- !u!1101 &1101205725285734036
AnimatorStateTransition:
  serializedVersion: 3
  m_ObjectHideFlags: 1
  m_PrefabParentObject: {fileID: 0}
  m_PrefabInternal: {fileID: 0}
  m_Name:
  m_Conditions:
  - m_ConditionMode: 1
    m_ConditionEvent: ResetStand
    m_EventTreshold: 0
  m_DstStateMachine: {fileID: 0}
  m_DstState: {fileID: 1102152833253820749}
  m_Solo: 0
  m_Mute: 0
  m_IsExit: 0
  m_TransitionDuration: 0
  m_TransitionOffset: 0
  m_ExitTime: 0.75
  m_HasExitTime: 0
  m_HasFixedDuration: 0
  m_InterruptionSource: 0
  m_OrderedInterruption: 1
  m_CanTransitionToSelf: 1
--- !u!1102 &1102773694855364817
AnimatorState:
  serializedVersion: 5
  m_ObjectHideFlags: 1
  m_PrefabParentObject: {fileID: 0}
  m_PrefabInternal: {fileID: 0}
  m_Name: shrinkStand
  m_Speed: 1
  m_CycleOffset: 0
  m_Transitions:
  - {fileID: 1101051432359722835}
  m_StateMachineBehaviours: []
  m_Position: {x: 0, y: 250, z: 0}
  m_IKOnFeet: 0
  m_WriteDefaultValues: 1
  m_Mirror: 0
  m_SpeedParameterActive: 0
  m_MirrorParameterActive: 0
  m_CycleOffsetParameterActive: 0
  m_Motion: {fileID: 7400000, guid: 968db5b83d1ce9b4e9f5c69133b4554e, type: 2}
  m_Tag:
  m_SpeedParameter:
  m_MirrorParameter:
  m_CycleOffsetParameter:
--- !u!1101 &1101051432359722835
AnimatorStateTransition:
  serializedVersion: 3
  m_ObjectHideFlags: 1
  m_PrefabParentObject: {fileID: 0}
  m_PrefabInternal: {fileID: 0}
  m_Name:
  m_Conditions: []
  m_DstStateMachine: {fileID: 0}
  m_DstState: {fileID: 1102450748688801394}
  m_Solo: 0
  m_Mute: 0
  m_IsExit: 0
  m_TransitionDuration: 0
  m_TransitionOffset: 0
  m_ExitTime: 1
  m_HasExitTime: 1
  m_HasFixedDuration: 0
  m_InterruptionSource: 0
  m_OrderedInterruption: 1
  m_CanTransitionToSelf: 1
