%YAML 1.1
%TAG !u! tag:unity3d.com,2011:
--- !u!1001 &100100000
Prefab:
  serializedVersion: 2
  m_ObjectHideFlags: 0
  m_Modification:
    m_TransformParent: {fileID: 0}
    m_Modifications: []
    m_RemovedComponents: []
  m_ParentPrefab: {fileID: 0}
  m_RootGameObject: {fileID: 1599690230952161}
  m_IsPrefabParent: 1
--- !u!1 &1599690230952161
GameObject:
  serializedVersion: 5
  m_ObjectHideFlags: 0
  m_PrefabParentObject: {fileID: 0}
  m_PrefabInternal: {fileID: 100100000}
  m_Component:
  - component: {fileID: 4223533006959506}
  - component: {fileID: 114993129791597018}
  m_Layer: 0
  m_Name: Coven1Map
  m_TagString: Untagged
  m_Icon: {fileID: 0}
  m_NavMeshLayer: 0
  m_StaticEditorFlags: 0
  m_IsActive: 1
--- !u!4 &4223533006959506
Transform:
  m_ObjectHideFlags: 0
  m_PrefabParentObject: {fileID: 0}
  m_PrefabInternal: {fileID: 100100000}
  m_GameObject: {fileID: 1599690230952161}
  m_LocalRotation: {x: 0, y: 0, z: 0, w: 1}
  m_LocalPosition: {x: 0, y: 0, z: 0}
  m_LocalScale: {x: 1, y: 1, z: 1}
  m_Children:
  - {fileID: 4192947258200102}
  m_Father: {fileID: 0}
  m_RootOrder: 0
  m_LocalEulerAnglesHint: {x: 0, y: -0, z: -0}
--- !u!114 &114993129791597018
MonoBehaviour:
  m_ObjectHideFlags: 0
  m_PrefabParentObject: {fileID: 0}
  m_PrefabInternal: {fileID: 100100000}
  m_GameObject: {fileID: 1599690230952161}
  m_Enabled: 1
  m_EditorHideFlags: 0
  m_Script: {fileID: 11500000, guid: 008175ceca4c1eeb7645e911f5f7a415, type: 3}
  m_Name:
  m_EditorClassIdentifier:
  m_tileSpawnChance: 010000000200000003000000040000000500000006000000
  m_tileSpawnValues:
  - 1
  - 0
  - 0
  - 0
  - 0
  - 0
  m_maxTilesBetweenIslands: 3
  m_map: {fileID: 2800000, guid: 379be2d9678a27e43b1f4cff017906ae, type: 3}
  m_groupingMap: {fileID: 0}
  m_overrideGeometry: {fileID: 1659191885621341}
  m_removeGeometryUnderneath: 0
--- !u!1 &1659191885621341
GameObject:
  serializedVersion: 5
  m_ObjectHideFlags: 0
  m_PrefabParentObject: {fileID: 0}
  m_PrefabInternal: {fileID: 100100000}
  m_Component:
  - component: {fileID: 4192947258200102}
  m_Layer: 9
  m_Name: SetPiece
  m_TagString: Ground
  m_Icon: {fileID: 0}
  m_NavMeshLayer: 0
  m_StaticEditorFlags: 0
  m_IsActive: 1
--- !u!4 &4192947258200102
Transform:
  m_ObjectHideFlags: 0
  m_PrefabParentObject: {fileID: 0}
  m_PrefabInternal: {fileID: 100100000}
  m_GameObject: {fileID: 1659191885621341}
  m_LocalRotation: {x: 0, y: 0, z: 0, w: 1}
  m_LocalPosition: {x: 15, y: 0, z: 17.32}
  m_LocalScale: {x: 1, y: 1, z: 1}
  m_Children:
  - {fileID: 4349638481410179}
  - {fileID: 4562427640378897}
  - {fileID: 4928474927700561}
  - {fileID: 4886205883188324}
  - {fileID: 4278431301372347}
  - {fileID: 4754177664844454}
  - {fileID: 4367876099893979}
  - {fileID: 4940752859814879}
  - {fileID: 4633839546716303}
  m_Father: {fileID: 4223533006959506}
  m_RootOrder: 0
  m_LocalEulerAnglesHint: {x: 0, y: -0, z: -0}
--- !u!1 &1378636526266385
GameObject:
  serializedVersion: 5
  m_ObjectHideFlags: 0
  m_PrefabParentObject: {fileID: 0}
  m_PrefabInternal: {fileID: 100100000}
  m_Component:
  - component: {fileID: 4349638481410179}
  - component: {fileID: 33931129635571016}
  - component: {fileID: 23593674331580953}
  - component: {fileID: 64422984862203008}
  m_Layer: 9
  m_Name: CodeBreakerCol
  m_TagString: Ground
  m_Icon: {fileID: 0}
  m_NavMeshLayer: 0
  m_StaticEditorFlags: 0
  m_IsActive: 1
--- !u!4 &4349638481410179
Transform:
  m_ObjectHideFlags: 0
  m_PrefabParentObject: {fileID: 0}
  m_PrefabInternal: {fileID: 100100000}
  m_GameObject: {fileID: 1378636526266385}
  m_LocalRotation: {x: 0, y: 0, z: 0, w: 1}
  m_LocalPosition: {x: 0, y: 0, z: 0}
  m_LocalScale: {x: 1, y: 1, z: 1}
  m_Children: []
  m_Father: {fileID: 4192947258200102}
  m_RootOrder: 0
  m_LocalEulerAnglesHint: {x: 0, y: -0, z: -0}
--- !u!33 &33931129635571016
MeshFilter:
  m_ObjectHideFlags: 0
  m_PrefabParentObject: {fileID: 0}
  m_PrefabInternal: {fileID: 100100000}
  m_GameObject: {fileID: 1378636526266385}
  m_Mesh: {fileID: 4300000, guid: f648dec258499914f8450dd20ffb8918, type: 2}
--- !u!23 &23593674331580953
MeshRenderer:
  m_ObjectHideFlags: 0
  m_PrefabParentObject: {fileID: 0}
  m_PrefabInternal: {fileID: 100100000}
  m_GameObject: {fileID: 1378636526266385}
  m_Enabled: 0
  m_CastShadows: 1
  m_ReceiveShadows: 1
  m_MotionVectors: 1
  m_LightProbeUsage: 1
  m_ReflectionProbeUsage: 1
  m_Materials:
  - {fileID: 2100000, guid: af68af2e839e4214fb9af4aa940166ce, type: 2}
  m_StaticBatchInfo:
    firstSubMesh: 0
    subMeshCount: 0
  m_StaticBatchRoot: {fileID: 0}
  m_ProbeAnchor: {fileID: 0}
  m_LightProbeVolumeOverride: {fileID: 0}
  m_ScaleInLightmap: 1
  m_PreserveUVs: 0
  m_IgnoreNormalsForChartDetection: 0
  m_ImportantGI: 0
  m_SelectedEditorRenderState: 3
  m_MinimumChartSize: 4
  m_AutoUVMaxDistance: 0.5
  m_AutoUVMaxAngle: 89
  m_LightmapParameters: {fileID: 0}
  m_SortingLayerID: 0
  m_SortingLayer: 0
  m_SortingOrder: 0
--- !u!64 &64422984862203008
MeshCollider:
  serializedVersion: 2
  m_ObjectHideFlags: 0
  m_PrefabParentObject: {fileID: 0}
  m_PrefabInternal: {fileID: 100100000}
  m_GameObject: {fileID: 1378636526266385}
  m_Material: {fileID: 13400000, guid: ed2f26dd80bbaea449d3e69dfefa4e76, type: 2}
  m_IsTrigger: 0
  m_Enabled: 1
  m_Convex: 0
  m_InflateMesh: 0
  m_SkinWidth: 0.01
  m_Mesh: {fileID: 4300000, guid: f648dec258499914f8450dd20ffb8918, type: 2}
--- !u!1 &1167767731136112
GameObject:
  serializedVersion: 5
  m_ObjectHideFlags: 0
  m_PrefabParentObject: {fileID: 0}
  m_PrefabInternal: {fileID: 100100000}
  m_Component:
  - component: {fileID: 4562427640378897}
  - component: {fileID: 114251053865220460}
  m_Layer: 9
  m_Name: PickupPlaceholder 4
  m_TagString: Untagged
  m_Icon: {fileID: 0}
  m_NavMeshLayer: 0
  m_StaticEditorFlags: 0
  m_IsActive: 1
--- !u!4 &4562427640378897
Transform:
  m_ObjectHideFlags: 0
  m_PrefabParentObject: {fileID: 0}
  m_PrefabInternal: {fileID: 100100000}
  m_GameObject: {fileID: 1167767731136112}
  m_LocalRotation: {x: 0, y: 0, z: 0, w: 1}
  m_LocalPosition: {x: -3.35, y: 0, z: 0.24}
  m_LocalScale: {x: 1, y: 1, z: 1}
  m_Children: []
  m_Father: {fileID: 4192947258200102}
  m_RootOrder: 1
  m_LocalEulerAnglesHint: {x: 0, y: -0, z: -0}
--- !u!114 &114251053865220460
MonoBehaviour:
  m_ObjectHideFlags: 0
  m_PrefabParentObject: {fileID: 0}
  m_PrefabInternal: {fileID: 100100000}
  m_GameObject: {fileID: 1167767731136112}
  m_Enabled: 1
  m_EditorHideFlags: 0
  m_Script: {fileID: 11500000, guid: 943409f737ae799759b493b69f17d39b, type: 3}
  m_Name:
  m_EditorClassIdentifier:
  m_spawnPrefab: {fileID: 1326087555034958, guid: 6a5bea4c7009dbc48afa98b3206a9e72, type: 2}
  m_randomRotated: 0
  m_lateSpawn: 0
  m_specialEventSpawnIfDay:
  m_specialEventSpawnIfNotDay:
  m_specialEventOnlyOnEvent:
--- !u!1 &1030087977365927
GameObject:
  serializedVersion: 5
  m_ObjectHideFlags: 0
  m_PrefabParentObject: {fileID: 0}
  m_PrefabInternal: {fileID: 100100000}
  m_Component:
  - component: {fileID: 4928474927700561}
  - component: {fileID: 114408164290352938}
  m_Layer: 9
  m_Name: PickupPlaceholder 3
  m_TagString: Untagged
  m_Icon: {fileID: 0}
  m_NavMeshLayer: 0
  m_StaticEditorFlags: 0
  m_IsActive: 1
--- !u!4 &4928474927700561
Transform:
  m_ObjectHideFlags: 0
  m_PrefabParentObject: {fileID: 0}
  m_PrefabInternal: {fileID: 100100000}
  m_GameObject: {fileID: 1030087977365927}
  m_LocalRotation: {x: 0, y: 0, z: 0, w: 1}
  m_LocalPosition: {x: 3.83, y: 0, z: 0.16}
  m_LocalScale: {x: 1, y: 1, z: 1}
  m_Children: []
  m_Father: {fileID: 4192947258200102}
  m_RootOrder: 2
  m_LocalEulerAnglesHint: {x: 0, y: -0, z: -0}
--- !u!114 &114408164290352938
MonoBehaviour:
  m_ObjectHideFlags: 0
  m_PrefabParentObject: {fileID: 0}
  m_PrefabInternal: {fileID: 100100000}
  m_GameObject: {fileID: 1030087977365927}
  m_Enabled: 1
  m_EditorHideFlags: 0
  m_Script: {fileID: 11500000, guid: 943409f737ae799759b493b69f17d39b, type: 3}
  m_Name:
  m_EditorClassIdentifier:
  m_spawnPrefab: {fileID: 1326087555034958, guid: 6a5bea4c7009dbc48afa98b3206a9e72, type: 2}
  m_randomRotated: 0
  m_lateSpawn: 0
  m_specialEventSpawnIfDay:
  m_specialEventSpawnIfNotDay:
  m_specialEventOnlyOnEvent:
--- !u!1 &1415586259975766
GameObject:
  serializedVersion: 5
  m_ObjectHideFlags: 0
  m_PrefabParentObject: {fileID: 0}
  m_PrefabInternal: {fileID: 100100000}
  m_Component:
  - component: {fileID: 4886205883188324}
  - component: {fileID: 114410229321372269}
  m_Layer: 9
  m_Name: PickupPlaceholder 2
  m_TagString: Untagged
  m_Icon: {fileID: 0}
  m_NavMeshLayer: 0
  m_StaticEditorFlags: 0
  m_IsActive: 1
--- !u!4 &4886205883188324
Transform:
  m_ObjectHideFlags: 0
  m_PrefabParentObject: {fileID: 0}
  m_PrefabInternal: {fileID: 100100000}
  m_GameObject: {fileID: 1415586259975766}
  m_LocalRotation: {x: 0, y: 0, z: 0, w: 1}
  m_LocalPosition: {x: 0.28, y: 0, z: -3.26}
  m_LocalScale: {x: 1, y: 1, z: 1}
  m_Children: []
  m_Father: {fileID: 4192947258200102}
  m_RootOrder: 3
  m_LocalEulerAnglesHint: {x: 0, y: -0, z: -0}
--- !u!114 &114410229321372269
MonoBehaviour:
  m_ObjectHideFlags: 0
  m_PrefabParentObject: {fileID: 0}
  m_PrefabInternal: {fileID: 100100000}
  m_GameObject: {fileID: 1415586259975766}
  m_Enabled: 1
  m_EditorHideFlags: 0
  m_Script: {fileID: 11500000, guid: 943409f737ae799759b493b69f17d39b, type: 3}
  m_Name:
  m_EditorClassIdentifier:
  m_spawnPrefab: {fileID: 1326087555034958, guid: 6a5bea4c7009dbc48afa98b3206a9e72, type: 2}
  m_randomRotated: 0
  m_lateSpawn: 0
  m_specialEventSpawnIfDay:
  m_specialEventSpawnIfNotDay:
  m_specialEventOnlyOnEvent:
--- !u!1 &1244186793010212
GameObject:
  serializedVersion: 5
  m_ObjectHideFlags: 0
  m_PrefabParentObject: {fileID: 0}
  m_PrefabInternal: {fileID: 100100000}
  m_Component:
  - component: {fileID: 4278431301372347}
  - component: {fileID: 114761848062275001}
  m_Layer: 9
  m_Name: PickupPlaceholder 1
  m_TagString: Untagged
  m_Icon: {fileID: 0}
  m_NavMeshLayer: 0
  m_StaticEditorFlags: 0
  m_IsActive: 1
--- !u!4 &4278431301372347
Transform:
  m_ObjectHideFlags: 0
  m_PrefabParentObject: {fileID: 0}
  m_PrefabInternal: {fileID: 100100000}
  m_GameObject: {fileID: 1244186793010212}
  m_LocalRotation: {x: 0, y: 0, z: 0, w: 1}
  m_LocalPosition: {x: 0.33, y: 0, z: 3.5}
  m_LocalScale: {x: 1, y: 1, z: 1}
  m_Children: []
  m_Father: {fileID: 4192947258200102}
  m_RootOrder: 4
  m_LocalEulerAnglesHint: {x: 0, y: -0, z: -0}
--- !u!114 &114761848062275001
MonoBehaviour:
  m_ObjectHideFlags: 0
  m_PrefabParentObject: {fileID: 0}
  m_PrefabInternal: {fileID: 100100000}
  m_GameObject: {fileID: 1244186793010212}
  m_Enabled: 1
  m_EditorHideFlags: 0
  m_Script: {fileID: 11500000, guid: 943409f737ae799759b493b69f17d39b, type: 3}
  m_Name:
  m_EditorClassIdentifier:
  m_spawnPrefab: {fileID: 1326087555034958, guid: 6a5bea4c7009dbc48afa98b3206a9e72, type: 2}
  m_randomRotated: 0
  m_lateSpawn: 0
  m_specialEventSpawnIfDay:
  m_specialEventSpawnIfNotDay:
  m_specialEventOnlyOnEvent:
--- !u!1 &1003484306652017
GameObject:
  serializedVersion: 5
  m_ObjectHideFlags: 0
  m_PrefabParentObject: {fileID: 0}
  m_PrefabInternal: {fileID: 100100000}
  m_Component:
  - component: {fileID: 4754177664844454}
  - component: {fileID: 114876169587113125}
  m_Layer: 9
  m_Name: PickupPlaceholder
  m_TagString: Untagged
  m_Icon: {fileID: 0}
  m_NavMeshLayer: 0
  m_StaticEditorFlags: 0
  m_IsActive: 1
--- !u!4 &4754177664844454
Transform:
  m_ObjectHideFlags: 0
  m_PrefabParentObject: {fileID: 0}
  m_PrefabInternal: {fileID: 100100000}
  m_GameObject: {fileID: 1003484306652017}
  m_LocalRotation: {x: 0, y: 0, z: 0, w: 1}
  m_LocalPosition: {x: 0.39999962, y: 0, z: 0.07999992}
  m_LocalScale: {x: 1, y: 1, z: 1}
  m_Children: []
  m_Father: {fileID: 4192947258200102}
  m_RootOrder: 5
  m_LocalEulerAnglesHint: {x: 0, y: -0, z: -0}
--- !u!114 &114876169587113125
MonoBehaviour:
  m_ObjectHideFlags: 0
  m_PrefabParentObject: {fileID: 0}
  m_PrefabInternal: {fileID: 100100000}
  m_GameObject: {fileID: 1003484306652017}
  m_Enabled: 1
  m_EditorHideFlags: 0
  m_Script: {fileID: 11500000, guid: 943409f737ae799759b493b69f17d39b, type: 3}
  m_Name:
  m_EditorClassIdentifier:
  m_spawnPrefab: {fileID: 1326087555034958, guid: 6a5bea4c7009dbc48afa98b3206a9e72, type: 2}
  m_randomRotated: 0
  m_lateSpawn: 0
  m_specialEventSpawnIfDay:
  m_specialEventSpawnIfNotDay:
  m_specialEventOnlyOnEvent:
--- !u!1 &1745200764463981
GameObject:
  serializedVersion: 5
  m_ObjectHideFlags: 0
  m_PrefabParentObject: {fileID: 0}
  m_PrefabInternal: {fileID: 100100000}
  m_Component:
  - component: {fileID: 4367876099893979}
  - component: {fileID: 114035892503505458}
  m_Layer: 9
  m_Name: Bear
  m_TagString: Untagged
  m_Icon: {fileID: 0}
  m_NavMeshLayer: 0
  m_StaticEditorFlags: 0
  m_IsActive: 1
--- !u!4 &4367876099893979
Transform:
  m_ObjectHideFlags: 0
  m_PrefabParentObject: {fileID: 0}
  m_PrefabInternal: {fileID: 100100000}
  m_GameObject: {fileID: 1745200764463981}
  m_LocalRotation: {x: 0, y: 0.33238056, z: 0, w: 0.9431454}
  m_LocalPosition: {x: -6.08, y: 0, z: -4.74}
  m_LocalScale: {x: 1, y: 1, z: 1}
  m_Children: []
  m_Father: {fileID: 4192947258200102}
  m_RootOrder: 6
  m_LocalEulerAnglesHint: {x: 0, y: -38.82666, z: -0}
--- !u!114 &114035892503505458
MonoBehaviour:
  m_ObjectHideFlags: 0
  m_PrefabParentObject: {fileID: 0}
  m_PrefabInternal: {fileID: 100100000}
  m_GameObject: {fileID: 1745200764463981}
  m_Enabled: 1
  m_EditorHideFlags: 0
  m_Script: {fileID: 11500000, guid: 943409f737ae799759b493b69f17d39b, type: 3}
  m_Name:
  m_EditorClassIdentifier:
  m_spawnPrefab: {fileID: 1095355360490131, guid: ae5ea1dbaee1d3a46a4042b4d8ec00aa, type: 2}
  m_randomRotated: 0
  m_lateSpawn: 1
  m_specialEventSpawnIfDay:
  m_specialEventSpawnIfNotDay:
  m_specialEventOnlyOnEvent:
--- !u!1 &1347442518632260
GameObject:
  serializedVersion: 5
  m_ObjectHideFlags: 0
  m_PrefabParentObject: {fileID: 0}
  m_PrefabInternal: {fileID: 100100000}
  m_Component:
  - component: {fileID: 4940752859814879}
  - component: {fileID: 114331032419713182}
  m_Layer: 9
  m_Name: Bear 1
  m_TagString: Untagged
  m_Icon: {fileID: 0}
  m_NavMeshLayer: 0
  m_StaticEditorFlags: 0
  m_IsActive: 1
--- !u!4 &4940752859814879
Transform:
  m_ObjectHideFlags: 0
  m_PrefabParentObject: {fileID: 0}
  m_PrefabInternal: {fileID: 100100000}
  m_GameObject: {fileID: 1347442518632260}
  m_LocalRotation: {x: 0, y: -0.99949694, z: 0, w: 0.031715825}
  m_LocalPosition: {x: 0.27, y: 0, z: 7.64}
  m_LocalScale: {x: 1, y: 1, z: 1}
  m_Children: []
  m_Father: {fileID: 4192947258200102}
  m_RootOrder: 7
  m_LocalEulerAnglesHint: {x: 180, y: 3.6349754, z: 180}
--- !u!114 &114331032419713182
MonoBehaviour:
  m_ObjectHideFlags: 0
  m_PrefabParentObject: {fileID: 0}
  m_PrefabInternal: {fileID: 100100000}
  m_GameObject: {fileID: 1347442518632260}
  m_Enabled: 1
  m_EditorHideFlags: 0
  m_Script: {fileID: 11500000, guid: 943409f737ae799759b493b69f17d39b, type: 3}
  m_Name:
  m_EditorClassIdentifier:
  m_spawnPrefab: {fileID: 1095355360490131, guid: ae5ea1dbaee1d3a46a4042b4d8ec00aa, type: 2}
  m_randomRotated: 0
  m_lateSpawn: 1
  m_specialEventSpawnIfDay:
  m_specialEventSpawnIfNotDay:
  m_specialEventOnlyOnEvent:
--- !u!1 &1953712310014533
GameObject:
  serializedVersion: 5
  m_ObjectHideFlags: 0
  m_PrefabParentObject: {fileID: 0}
  m_PrefabInternal: {fileID: 100100000}
  m_Component:
  - component: {fileID: 4633839546716303}
  - component: {fileID: 114644834139047102}
  m_Layer: 9
  m_Name: Bear 2
  m_TagString: Untagged
  m_Icon: {fileID: 0}
  m_NavMeshLayer: 0
  m_StaticEditorFlags: 0
  m_IsActive: 1
--- !u!4 &4633839546716303
Transform:
  m_ObjectHideFlags: 0
  m_PrefabParentObject: {fileID: 0}
  m_PrefabInternal: {fileID: 100100000}
  m_GameObject: {fileID: 1953712310014533}
  m_LocalRotation: {x: 0, y: -0.42897302, z: 0, w: 0.90331733}
  m_LocalPosition: {x: 6.7, y: 0, z: -4.75}
  m_LocalScale: {x: 1, y: 1, z: 1}
  m_Children: []
  m_Father: {fileID: 4192947258200102}
  m_RootOrder: 8
  m_LocalEulerAnglesHint: {x: 0, y: 50.804802, z: 0}
--- !u!114 &114644834139047102
MonoBehaviour:
  m_ObjectHideFlags: 0
  m_PrefabParentObject: {fileID: 0}
  m_PrefabInternal: {fileID: 100100000}
  m_GameObject: {fileID: 1953712310014533}
  m_Enabled: 1
  m_EditorHideFlags: 0
  m_Script: {fileID: 11500000, guid: 943409f737ae799759b493b69f17d39b, type: 3}
  m_Name:
  m_EditorClassIdentifier:
  m_spawnPrefab: {fileID: 1095355360490131, guid: ae5ea1dbaee1d3a46a4042b4d8ec00aa, type: 2}
  m_randomRotated: 0
  m_lateSpawn: 1
  m_specialEventSpawnIfDay:
  m_specialEventSpawnIfNotDay:
  m_specialEventOnlyOnEvent:
