%YAML 1.1
%TAG !u! tag:unity3d.com,2011:
--- !u!1001 &100100000
Prefab:
  serializedVersion: 2
  m_ObjectHideFlags: 0
  m_Modification:
    m_TransformParent: {fileID: 0}
    m_Modifications: []
    m_RemovedComponents: []
  m_ParentPrefab: {fileID: 0}
  m_RootGameObject: {fileID: 1625800043612091}
  m_IsPrefabParent: 1
--- !u!1 &1625800043612091
GameObject:
  serializedVersion: 5
  m_ObjectHideFlags: 0
  m_PrefabParentObject: {fileID: 0}
  m_PrefabInternal: {fileID: 100100000}
  m_Component:
  - component: {fileID: 4619183729882139}
  - component: {fileID: 114913791462065400}
  - component: {fileID: 114041116312916745}
  - component: {fileID: 114111974501731901}
  - component: {fileID: 114723667906835025}
  - component: {fileID: 114082496331165744}
  - component: {fileID: 114150446707489748}
  - component: {fileID: 114536016137999828}
  m_Layer: 0
  m_Name: BonusLevel
  m_TagString: Untagged
  m_Icon: {fileID: 0}
  m_NavMeshLayer: 0
  m_StaticEditorFlags: 0
  m_IsActive: 1
--- !u!4 &4619183729882139
Transform:
  m_ObjectHideFlags: 0
  m_PrefabParentObject: {fileID: 0}
  m_PrefabInternal: {fileID: 100100000}
  m_GameObject: {fileID: 1625800043612091}
  m_LocalRotation: {x: 0, y: 0, z: 0, w: 1}
  m_LocalPosition: {x: 0, y: 0, z: 0}
  m_LocalScale: {x: 1, y: 1, z: 1}
  m_Children: []
  m_Father: {fileID: 0}
  m_RootOrder: 0
  m_LocalEulerAnglesHint: {x: 0, y: -0, z: -0}
--- !u!114 &114913791462065400
MonoBehaviour:
  m_ObjectHideFlags: 0
  m_PrefabParentObject: {fileID: 0}
  m_PrefabInternal: {fileID: 100100000}
  m_GameObject: {fileID: 1625800043612091}
  m_Enabled: 1
  m_EditorHideFlags: 0
  m_Script: {fileID: 11500000, guid: 409054382c13ee7d4e9126c1b58d3c2b, type: 3}
  m_Name:
  m_EditorClassIdentifier:
  seed: 0
  m_mapsResources:
  - m_path: Maps/World3/Lic
    m_chance: 1
  - m_path: Maps/World3/Mouth
    m_chance: 1
  - m_path: Maps/World3/Dot
    m_chance: 1
  - m_path: Maps/World3/Egg
    m_chance: 1
  - m_path: Maps/World3/Split
    m_chance: 1
  - m_path: Maps/World3/Facey
    m_chance: 1
  - m_path: Maps/World3/Bean
    m_chance: 0.6
  - m_path: Maps/World3/BeanRev
    m_chance: 0.6
  m_dynamicTiles:
  - {fileID: 114414361744853983, guid: 64a5a7d616717794999afb0f60d63439, type: 2}
  - {fileID: 114644142416154576, guid: 43f7c276c83bda14e924e5539531468b, type: 2}
  - {fileID: 114132857366750119, guid: 8c220bc4c294f3b4a8e8ab3846148965, type: 2}
  - {fileID: 114980975470038980, guid: b5cdfe493d8b7da4c9e688ae0530c88d, type: 2}
  - {fileID: 114133465422057466, guid: d829a8ef2c11b894385ff2d53fbc00d3, type: 2}
  m_dynamicTilesValues:
  - 1
  - 1
  - 1
  - 1
  - 0.6
  m_sceneryDensity: 0.35
  m_waterSceneryDensity: 0.45
  m_cloudsPrefab: {fileID: 1369506588230671, guid: 6daf02634995eb34096896433cc92aab, type: 2}
  m_spawnPos: {x: 0, y: 0, z: 0}
  m_overrideTilesetGroup: {fileID: 114124573564701829, guid: 39e4bdd10ba7d034b9d068d161fc56bc, type: 2}
  m_onLoadComplete:
    m_PersistentCalls:
      m_Calls: []
    m_TypeName: UnityEngine.Events.UnityEvent, UnityEngine, Version=0.0.0.0, Culture=neutral, PublicKeyToken=null
  m_onUnloadComplete:
    m_PersistentCalls:
      m_Calls: []
    m_TypeName: UnityEngine.Events.UnityEvent, UnityEngine, Version=0.0.0.0, Culture=neutral, PublicKeyToken=null
  m_objectOfDesire: coin
  m_bonusObjectsOnComplete: 5
  m_debugOptions:
    layer0Visible: 1
    layer1Visible: 1
    layer2Visible: 1
    showGridLayer0: 1
    showGridLayer1: 0
    showGridLayer2: 0
    updateHidden: 1
    reloadHidden: 1
    nextHidden: 1
    prevHidden: 1
    m_usedSeeds:
    m_seedIdx: 0
--- !u!114 &114041116312916745
MonoBehaviour:
  m_ObjectHideFlags: 0
  m_PrefabParentObject: {fileID: 0}
  m_PrefabInternal: {fileID: 100100000}
  m_GameObject: {fileID: 1625800043612091}
  m_Enabled: 1
  m_EditorHideFlags: 0
  m_Script: {fileID: 11500000, guid: cd727e46fbe36968a91b90c858f8b20f, type: 3}
  m_Name:
  m_EditorClassIdentifier:
  m_group: Enemies
  m_density: 1
  m_densityPerkId:
  m_landBased: 1
  m_randomRotated: 1
  m_rotateWithTile: 0
  m_maxCurrencyCheck:
  m_maxCurrencyAmount: 0
  m_spawnCountOverridePerkID:
  m_spawnChance:
  - {fileID: 1095355360490131, guid: ae5ea1dbaee1d3a46a4042b4d8ec00aa, type: 2}
  - {fileID: 1324757487910442, guid: 432db37e493db4144a44ccf0d3fb54f6, type: 2}
  - {fileID: 1176477175646639, guid: 97e07fd097c044b469f188f7b1b14793, type: 2}
  m_spawnChanceValues:
  - 0.5
  - 0.6
  - 0.6
  m_spawnCountOverride: 050000000600000007000000
  m_spawnCountValues:
  - 1
  - 1
  - 1
--- !u!114 &114111974501731901
MonoBehaviour:
  m_ObjectHideFlags: 0
  m_PrefabParentObject: {fileID: 0}
  m_PrefabInternal: {fileID: 100100000}
  m_GameObject: {fileID: 1625800043612091}
  m_Enabled: 1
  m_EditorHideFlags: 0
  m_Script: {fileID: 11500000, guid: cd727e46fbe36968a91b90c858f8b20f, type: 3}
  m_Name:
  m_EditorClassIdentifier:
  m_group: Objects
  m_density: 1
  m_densityPerkId:
  m_landBased: 1
  m_randomRotated: 0
  m_rotateWithTile: 0
  m_maxCurrencyCheck:
  m_maxCurrencyAmount: 0
  m_spawnCountOverridePerkID:
  m_spawnChance:
  - {fileID: 1238883094881831, guid: b7e7a6f9794e24544bd7e3beff0f2680, type: 2}
  m_spawnChanceValues:
  - 1
  m_spawnCountOverride: 01000000
  m_spawnCountValues:
  - 1
--- !u!114 &114723667906835025
MonoBehaviour:
  m_ObjectHideFlags: 0
  m_PrefabParentObject: {fileID: 0}
  m_PrefabInternal: {fileID: 100100000}
  m_GameObject: {fileID: 1625800043612091}
  m_Enabled: 1
  m_EditorHideFlags: 0
  m_Script: {fileID: 11500000, guid: cd727e46fbe36968a91b90c858f8b20f, type: 3}
  m_Name:
  m_EditorClassIdentifier:
  m_group: Coins
  m_density: 0.5
  m_densityPerkId:
  m_landBased: 1
  m_randomRotated: 0
  m_rotateWithTile: 0
  m_maxCurrencyCheck:
  m_maxCurrencyAmount: 0
  m_spawnCountOverridePerkID:
  m_spawnChance:
  - {fileID: 1686250855687632, guid: 74f78b4ee58d21541b7e8548e70419d4, type: 2}
  m_spawnChanceValues:
  - 150
  m_spawnCountOverride:
  m_spawnCountValues:
  - 1
--- !u!114 &114082496331165744
MonoBehaviour:
  m_ObjectHideFlags: 0
  m_PrefabParentObject: {fileID: 0}
  m_PrefabInternal: {fileID: 100100000}
  m_GameObject: {fileID: 1625800043612091}
  m_Enabled: 1
  m_EditorHideFlags: 0
  m_Script: {fileID: 11500000, guid: cd727e46fbe36968a91b90c858f8b20f, type: 3}
  m_Name:
  m_EditorClassIdentifier:
  m_group: Spikes
  m_density: 0.3
  m_densityPerkId:
  m_landBased: 1
  m_randomRotated: 0
  m_rotateWithTile: 0
  m_maxCurrencyCheck:
  m_maxCurrencyAmount: 0
  m_spawnCountOverridePerkID:
  m_spawnChance:
  - {fileID: 1206150604996633, guid: de70450036c7a24468292b52a094538c, type: 2}
  m_spawnChanceValues:
  - 150
  m_spawnCountOverride:
  m_spawnCountValues:
  - 1
  - 1
  - 1
  - 1
  - 1
--- !u!114 &114150446707489748
MonoBehaviour:
  m_ObjectHideFlags: 0
  m_PrefabParentObject: {fileID: 0}
  m_PrefabInternal: {fileID: 100100000}
  m_GameObject: {fileID: 1625800043612091}
  m_Enabled: 1
  m_EditorHideFlags: 0
  m_Script: {fileID: 11500000, guid: cd727e46fbe36968a91b90c858f8b20f, type: 3}
  m_Name:
  m_EditorClassIdentifier:
  m_group: Spider
  m_density: 1
  m_densityPerkId:
  m_landBased: 1
  m_randomRotated: 1
  m_rotateWithTile: 0
  m_maxCurrencyCheck:
  m_maxCurrencyAmount: 0
  m_spawnCountOverridePerkID:
  m_spawnChance:
  - {fileID: 1969915308764585, guid: 5d81066d576717342ba6fbc8c9a22d51, type: 2}
  m_spawnChanceValues:
  - 1
  m_spawnCountOverride: 0000000001000000
  m_spawnCountValues:
  - 0.3
  - 1
--- !u!114 &114536016137999828
MonoBehaviour:
  m_ObjectHideFlags: 0
  m_PrefabParentObject: {fileID: 0}
  m_PrefabInternal: {fileID: 100100000}
  m_GameObject: {fileID: 1625800043612091}
  m_Enabled: 1
  m_EditorHideFlags: 0
  m_Script: {fileID: 11500000, guid: bcd91aa163d3487f90838ec55307e18e, type: 3}
  m_Name:
  m_EditorClassIdentifier:
  m_cloudRings:
  - m_clouds:
    - {fileID: 114521166413242604, guid: 9d055231de9f0df488d3b41968af2320, type: 2}
    - {fileID: 114587140548828871, guid: 8661ddf83b5bc0c45a674b1e63b3228a, type: 2}
    - {fileID: 114697388156809414, guid: 46462c141ce2099469f3013227c4945e, type: 2}
    m_angleSpacing:
      m_min: 25
      m_max: 35
    m_distance:
      m_min: 50
      m_max: 60
    m_height:
      m_min: 20
      m_max: 30
    m_removeFront: 1
  - m_clouds:
    - {fileID: 114521166413242604, guid: 9d055231de9f0df488d3b41968af2320, type: 2}
    - {fileID: 114587140548828871, guid: 8661ddf83b5bc0c45a674b1e63b3228a, type: 2}
    - {fileID: 114697388156809414, guid: 46462c141ce2099469f3013227c4945e, type: 2}
    m_angleSpacing:
      m_min: 15
      m_max: 20
    m_distance:
      m_min: 10
      m_max: 120
    m_height:
      m_min: -10
      m_max: -80
    m_removeFront: 0
  - m_clouds:
    - {fileID: 114514224651991426, guid: ca451722a99af2e488653771426b4257, type: 2}
    - {fileID: 114527974928296465, guid: f9754e84b54601b40b8d9eebf671196b, type: 2}
    - {fileID: 114352220659413177, guid: 4d58294df4e9cdb4e8432a48dd25bf66, type: 2}
    m_angleSpacing:
      m_min: 15
      m_max: 20
    m_distance:
      m_min: 5
      m_max: 170
    m_height:
      m_min: -50
      m_max: -100
    m_removeFront: 0
  - m_clouds:
    - {fileID: 114789542860197711, guid: 9b57d3ee21d6c9a4b9a3914da306914d, type: 2}
    - {fileID: 114658840741377373, guid: 82b1257480dbb1e4c96cd9eba9573fc7, type: 2}
    - {fileID: 114795964253254349, guid: 250a0ab721678164da5e790ba49f2fc7, type: 2}
    - {fileID: 114269557656892163, guid: 50b407d3edfbcff428ff69ecfd746ced, type: 2}
    - {fileID: 114494704970534354, guid: c19b7dc466b00334ebcfc802cf3726d8, type: 2}
    - {fileID: 114974252002154031, guid: e88fdb4a5815bfc4d9d69f329dae545e, type: 2}
    m_angleSpacing:
      m_min: 15
      m_max: 25
    m_distance:
      m_min: 120
      m_max: 170
    m_height:
      m_min: -55
      m_max: -75
    m_removeFront: 0
