%YAML 1.1
%TAG !u! tag:unity3d.com,2011:
--- !u!1001 &100100000
Prefab:
  serializedVersion: 2
  m_ObjectHideFlags: 0
  m_Modification:
    m_TransformParent: {fileID: 0}
    m_Modifications: []
    m_RemovedComponents: []
  m_ParentPrefab: {fileID: 0}
  m_RootGameObject: {fileID: 1328280253051583}
  m_IsPrefabParent: 1
--- !u!1 &1328280253051583
GameObject:
  serializedVersion: 5
  m_ObjectHideFlags: 0
  m_PrefabParentObject: {fileID: 0}
  m_PrefabInternal: {fileID: 100100000}
  m_Component:
  - component: {fileID: 4193064916840883}
  - component: {fileID: 136453334102781055}
  - component: {fileID: 54964942235988525}
  - component: {fileID: 114964927725071163}
  m_Layer: 10
  m_Name: Cactus01
  m_TagString: Untagged
  m_Icon: {fileID: 0}
  m_NavMeshLayer: 0
  m_StaticEditorFlags: 0
  m_IsActive: 1
--- !u!4 &4193064916840883
Transform:
  m_ObjectHideFlags: 0
  m_PrefabParentObject: {fileID: 0}
  m_PrefabInternal: {fileID: 100100000}
  m_GameObject: {fileID: 1328280253051583}
  m_LocalRotation: {x: 0, y: 0, z: 0, w: 1}
  m_LocalPosition: {x: 0, y: 0, z: 0}
  m_LocalScale: {x: 1.1, y: 1.25, z: 1.1}
  m_Children:
  - {fileID: 4302638703921271}
  m_Father: {fileID: 0}
  m_RootOrder: 0
  m_LocalEulerAnglesHint: {x: 0, y: -0, z: -0}
--- !u!136 &136453334102781055
CapsuleCollider:
  m_ObjectHideFlags: 0
  m_PrefabParentObject: {fileID: 0}
  m_PrefabInternal: {fileID: 100100000}
  m_GameObject: {fileID: 1328280253051583}
  m_Material: {fileID: 13400000, guid: 170db77df33b9134dbcda7a974f60fec, type: 2}
  m_IsTrigger: 0
  m_Enabled: 1
  m_Radius: 1
  m_Height: 20
  m_Direction: 1
  m_Center: {x: 0, y: 4.5888357, z: 0}
--- !u!54 &54964942235988525
Rigidbody:
  serializedVersion: 2
  m_ObjectHideFlags: 0
  m_PrefabParentObject: {fileID: 0}
  m_PrefabInternal: {fileID: 100100000}
  m_GameObject: {fileID: 1328280253051583}
  m_Mass: 1
  m_Drag: 0
  m_AngularDrag: 0.05
  m_UseGravity: 1
  m_IsKinematic: 1
  m_Interpolate: 0
  m_Constraints: 0
  m_CollisionDetection: 0
--- !u!114 &114964927725071163
MonoBehaviour:
  m_ObjectHideFlags: 0
  m_PrefabParentObject: {fileID: 0}
  m_PrefabInternal: {fileID: 100100000}
  m_GameObject: {fileID: 1328280253051583}
  m_Enabled: 1
  m_EditorHideFlags: 0
  m_Script: {fileID: 11500000, guid: 18541b4579b86fa2fba13f7f858c2409, type: 3}
  m_Name:
  m_EditorClassIdentifier:
  m_type: 1
  m_typeExtended: 0
  m_dynamicTileId:
  m_layer: 3
  m_neighbourChecks:
  - m_checkType: 1
    m_radius: 1
    m_countNeeded: 1
    m_type: 8
    m_typeExtended: 4
    m_dynamicTileId:
    m_layerDiff: 2
  m_spawnPartners: []
--- !u!1 &1540596443634117
GameObject:
  serializedVersion: 5
  m_ObjectHideFlags: 0
  m_PrefabParentObject: {fileID: 0}
  m_PrefabInternal: {fileID: 100100000}
  m_Component:
  - component: {fileID: 4302638703921271}
  - component: {fileID: 33613657079160965}
  - component: {fileID: 23786745081208404}
  - component: {fileID: 54969345159989164}
  - component: {fileID: 153214789063543967}
  - component: {fileID: 145555528489405150}
  - component: {fileID: 75109735553949625}
  - component: {fileID: 114556759932279518}
  - component: {fileID: 114079014713366706}
  m_Layer: 10
  m_Name: DeadTree3Base
  m_TagString: Untagged
  m_Icon: {fileID: 0}
  m_NavMeshLayer: 0
  m_StaticEditorFlags: 0
  m_IsActive: 1
--- !u!4 &4302638703921271
Transform:
  m_ObjectHideFlags: 0
  m_PrefabParentObject: {fileID: 0}
  m_PrefabInternal: {fileID: 100100000}
  m_GameObject: {fileID: 1540596443634117}
  m_LocalRotation: {x: 0, y: 0, z: 0, w: 1}
  m_LocalPosition: {x: 0, y: 0, z: 0}
  m_LocalScale: {x: 1, y: 1, z: 1}
  m_Children: []
  m_Father: {fileID: 4193064916840883}
  m_RootOrder: 0
  m_LocalEulerAnglesHint: {x: 0, y: -0, z: -0}
--- !u!33 &33613657079160965
MeshFilter:
  m_ObjectHideFlags: 0
  m_PrefabParentObject: {fileID: 0}
  m_PrefabInternal: {fileID: 100100000}
  m_GameObject: {fileID: 1540596443634117}
  m_Mesh: {fileID: 4300000, guid: 223029795a8b5094ab38942aff4349ff, type: 2}
--- !u!23 &23786745081208404
MeshRenderer:
  m_ObjectHideFlags: 0
  m_PrefabParentObject: {fileID: 0}
  m_PrefabInternal: {fileID: 100100000}
  m_GameObject: {fileID: 1540596443634117}
  m_Enabled: 1
  m_CastShadows: 1
  m_ReceiveShadows: 1
  m_MotionVectors: 1
  m_LightProbeUsage: 1
  m_ReflectionProbeUsage: 1
  m_Materials:
  - {fileID: 2100000, guid: 5c8cfaabec20faf43994992a6a7dd57d, type: 2}
  m_StaticBatchInfo:
    firstSubMesh: 0
    subMeshCount: 0
  m_StaticBatchRoot: {fileID: 0}
  m_ProbeAnchor: {fileID: 0}
  m_LightProbeVolumeOverride: {fileID: 0}
  m_ScaleInLightmap: 1
  m_PreserveUVs: 0
  m_IgnoreNormalsForChartDetection: 0
  m_ImportantGI: 0
  m_SelectedEditorRenderState: 3
  m_MinimumChartSize: 4
  m_AutoUVMaxDistance: 0.5
  m_AutoUVMaxAngle: 89
  m_LightmapParameters: {fileID: 0}
  m_SortingLayerID: 0
  m_SortingLayer: 0
  m_SortingOrder: 0
--- !u!54 &54969345159989164
Rigidbody:
  serializedVersion: 2
  m_ObjectHideFlags: 0
  m_PrefabParentObject: {fileID: 0}
  m_PrefabInternal: {fileID: 100100000}
  m_GameObject: {fileID: 1540596443634117}
  m_Mass: 0.1
  m_Drag: 3
  m_AngularDrag: 3
  m_UseGravity: 0
  m_IsKinematic: 0
  m_Interpolate: 0
  m_Constraints: 0
  m_CollisionDetection: 0
--- !u!153 &153214789063543967
ConfigurableJoint:
  serializedVersion: 2
  m_ObjectHideFlags: 0
  m_PrefabParentObject: {fileID: 0}
  m_PrefabInternal: {fileID: 100100000}
  m_GameObject: {fileID: 1540596443634117}
  m_ConnectedBody: {fileID: 54964942235988525}
  m_Anchor: {x: 0, y: 0, z: 0}
  m_Axis: {x: 1, y: 0, z: 0}
  m_AutoConfigureConnectedAnchor: 1
  m_ConnectedAnchor: {x: 0, y: 0, z: 0}
  m_SecondaryAxis: {x: 0, y: 1, z: 0}
  m_XMotion: 0
  m_YMotion: 0
  m_ZMotion: 0
  m_AngularXMotion: 2
  m_AngularYMotion: 0
  m_AngularZMotion: 2
  m_LinearLimitSpring:
    spring: 0
    damper: 0
  m_LinearLimit:
    limit: 0
    bounciness: 0
    contactDistance: 0
  m_AngularXLimitSpring:
    spring: 5000
    damper: 1000
  m_LowAngularXLimit:
    limit: -10
    bounciness: 0
    contactDistance: 0
  m_HighAngularXLimit:
    limit: 5
    bounciness: 0
    contactDistance: 0
  m_AngularYZLimitSpring:
    spring: 5000
    damper: 1000
  m_AngularYLimit:
    limit: 0
    bounciness: 0
    contactDistance: 0
  m_AngularZLimit:
    limit: 13
    bounciness: 0
    contactDistance: 0
  m_TargetPosition: {x: 0, y: 0, z: 0}
  m_TargetVelocity: {x: 0, y: 0, z: 0}
  m_XDrive:
    serializedVersion: 3
    positionSpring: 0
    positionDamper: 0
    maximumForce: 3.4028233E+38
  m_YDrive:
    serializedVersion: 3
    positionSpring: 0
    positionDamper: 0
    maximumForce: 3.4028233E+38
  m_ZDrive:
    serializedVersion: 3
    positionSpring: 0
    positionDamper: 0
    maximumForce: 3.4028233E+38
  m_TargetRotation: {x: 0, y: 0, z: 0, w: 1}
  m_TargetAngularVelocity: {x: 0, y: 0, z: 0}
  m_RotationDriveMode: 1
  m_AngularXDrive:
    serializedVersion: 3
    positionSpring: 0
    positionDamper: 0
    maximumForce: 0
  m_AngularYZDrive:
    serializedVersion: 3
    positionSpring: 0
    positionDamper: 0
    maximumForce: 0
  m_SlerpDrive:
    serializedVersion: 3
    positionSpring: 1000
    positionDamper: 200
    maximumForce: 20000
  m_ProjectionMode: 0
  m_ProjectionDistance: 0.1
  m_ProjectionAngle: 180
  m_ConfiguredInWorldSpace: 0
  m_SwapBodies: 0
  m_BreakForce: Infinity
  m_BreakTorque: Infinity
  m_EnableCollision: 0
  m_EnablePreprocessing: 1
--- !u!145 &145555528489405150
SpringJoint:
  serializedVersion: 2
  m_ObjectHideFlags: 0
  m_PrefabParentObject: {fileID: 0}
  m_PrefabInternal: {fileID: 100100000}
  m_GameObject: {fileID: 1540596443634117}
  m_ConnectedBody: {fileID: 54964942235988525}
  m_Anchor: {x: 0, y: 11.09, z: 0}
  m_AutoConfigureConnectedAnchor: 1
  m_ConnectedAnchor: {x: 0, y: 11.09, z: 0}
  m_Spring: 15
  m_Damper: 0
  m_MinDistance: 0.1
  m_MaxDistance: 0
  m_Tolerance: 0.025
  m_BreakForce: Infinity
  m_BreakTorque: Infinity
  m_EnableCollision: 0
  m_EnablePreprocessing: 1
--- !u!75 &75109735553949625
ConstantForce:
  m_ObjectHideFlags: 0
  m_PrefabParentObject: {fileID: 0}
  m_PrefabInternal: {fileID: 100100000}
  m_GameObject: {fileID: 1540596443634117}
  m_Enabled: 1
  m_Force: {x: 0, y: 0, z: 0}
  m_RelativeForce: {x: 0, y: 0, z: 0}
  m_Torque: {x: 0, y: 0, z: 0}
  m_RelativeTorque: {x: 0, y: 0, z: 0}
--- !u!114 &114556759932279518
MonoBehaviour:
  m_ObjectHideFlags: 0
  m_PrefabParentObject: {fileID: 0}
  m_PrefabInternal: {fileID: 100100000}
  m_GameObject: {fileID: 1540596443634117}
  m_Enabled: 1
  m_EditorHideFlags: 0
  m_Script: {fileID: 11500000, guid: 6c632b302c92a0bfe6bf7862e3a4d39c, type: 3}
  m_Name:
  m_EditorClassIdentifier:
  m_minSpeedBeforeTorque: 5
  m_minTorque: 30
  m_maxTorque: 1000
  m_maxSpeedForTorque: 50
  m_driveMaxVel: 20
  m_driveMinForce: 2000
  m_driveMaxForce: 10000
  m_reverse: 1
  m_mass:
    m_min: 0.05
    m_max: 2
--- !u!114 &114079014713366706
MonoBehaviour:
  m_ObjectHideFlags: 0
  m_PrefabParentObject: {fileID: 0}
  m_PrefabInternal: {fileID: 100100000}
  m_GameObject: {fileID: 1540596443634117}
  m_Enabled: 1
  m_EditorHideFlags: 0
  m_Script: {fileID: 11500000, guid: f3700d0da111cce8685dbbf79aa8cf16, type: 3}
  m_Name:
  m_EditorClassIdentifier:
  m_position: {x: 0, y: 5.37, z: 0}
