%YAML 1.1
%TAG !u! tag:unity3d.com,2011:
--- !u!1001 &100100000
Prefab:
  serializedVersion: 2
  m_ObjectHideFlags: 0
  m_Modification:
    m_TransformParent: {fileID: 0}
    m_Modifications: []
    m_RemovedComponents: []
  m_ParentPrefab: {fileID: 0}
  m_RootGameObject: {fileID: 1017485433618851}
  m_IsPrefabParent: 1
--- !u!1 &1017485433618851
GameObject:
  serializedVersion: 5
  m_ObjectHideFlags: 0
  m_PrefabParentObject: {fileID: 0}
  m_PrefabInternal: {fileID: 100100000}
  m_Component:
  - component: {fileID: 4892400073023442}
  - component: {fileID: 114215295921509703}
  m_Layer: 0
  m_Name: Default Single
  m_TagString: Untagged
  m_Icon: {fileID: 0}
  m_NavMeshLayer: 0
  m_StaticEditorFlags: 0
  m_IsActive: 1
--- !u!4 &4892400073023442
Transform:
  m_ObjectHideFlags: 0
  m_PrefabParentObject: {fileID: 0}
  m_PrefabInternal: {fileID: 100100000}
  m_GameObject: {fileID: 1017485433618851}
  m_LocalRotation: {x: 0, y: 0, z: 0, w: 1}
  m_LocalPosition: {x: 0, y: 0, z: 0}
  m_LocalScale: {x: 1, y: 1, z: 1}
  m_Children:
  - {fileID: 4224691275874890}
  m_Father: {fileID: 0}
  m_RootOrder: 0
  m_LocalEulerAnglesHint: {x: 0, y: -0, z: -0}
--- !u!114 &114215295921509703
MonoBehaviour:
  m_ObjectHideFlags: 0
  m_PrefabParentObject: {fileID: 0}
  m_PrefabInternal: {fileID: 100100000}
  m_GameObject: {fileID: 1017485433618851}
  m_Enabled: 1
  m_EditorHideFlags: 0
  m_Script: {fileID: 11500000, guid: 73daf88c72ebdb3d9cfe4d1e03b4b1f5, type: 3}
  m_Name:
  m_EditorClassIdentifier:
  busIndex: -1
  spatialBlendType: 1
  spatialBlend: 1
  isSelected: 0
  isExpanded: 1
  groupMasterVolume: 1
  retriggerPercentage: 50
  curVariationMode: 0
  alwaysHighestPriority: 0
  chainLoopDelayMin: 0
  chainLoopDelayMax: 0
  chainLoopMode: 0
  chainLoopNumLoops: 0
  useDialogFadeOut: 0
  dialogFadeOutTime: 0.5
  curVariationSequence: 0
  useInactivePeriodPoolRefill: 0
  inactivePeriodSeconds: 5
  groupVariations:
  - {fileID: 114592676926499140}
  bulkVariationMode: 0
  resourceClipsAllLoadAsync: 1
  logSound: 0
  copySettingsExpanded: 0
  selectedVariationIndex: 0
  childGroupMode: 0
  childSoundGroups: []
  limitMode: 0
  limitPerXFrames: 1
  minimumTimeBetween: 0.1
  useClipAgePriority: 0
  limitPolyphony: 0
  voiceLimitCount: 1
  targetDespawnedBehavior: 0
  despawnFadeTime: 1
  isSoloed: 0
  isMuted: 0
  soundPlayedEventActive: 0
  soundPlayedCustomEvent:
--- !u!1 &1650680893715556
GameObject:
  serializedVersion: 5
  m_ObjectHideFlags: 0
  m_PrefabParentObject: {fileID: 0}
  m_PrefabInternal: {fileID: 100100000}
  m_Component:
  - component: {fileID: 4224691275874890}
  - component: {fileID: 82025084976573498}
  - component: {fileID: 114592676926499140}
  - component: {fileID: 114412689542836868}
  m_Layer: 0
  m_Name: Sound
  m_TagString: Untagged
  m_Icon: {fileID: 0}
  m_NavMeshLayer: 0
  m_StaticEditorFlags: 0
  m_IsActive: 1
--- !u!4 &4224691275874890
Transform:
  m_ObjectHideFlags: 0
  m_PrefabParentObject: {fileID: 0}
  m_PrefabInternal: {fileID: 100100000}
  m_GameObject: {fileID: 1650680893715556}
  m_LocalRotation: {x: 0, y: 0, z: 0, w: 1}
  m_LocalPosition: {x: 0, y: 0, z: 0}
  m_LocalScale: {x: 1, y: 1, z: 1}
  m_Children: []
  m_Father: {fileID: 4892400073023442}
  m_RootOrder: 0
  m_LocalEulerAnglesHint: {x: 0, y: -0, z: -0}
--- !u!82 &82025084976573498
AudioSource:
  serializedVersion: 4
  m_ObjectHideFlags: 0
  m_PrefabParentObject: {fileID: 0}
  m_PrefabInternal: {fileID: 100100000}
  m_GameObject: {fileID: 1650680893715556}
  m_Enabled: 1
  OutputAudioMixerGroup: {fileID: 0}
  m_audioClip: {fileID: 0}
  m_PlayOnAwake: 0
  m_Volume: 1
  m_Pitch: 1
  Loop: 0
  Mute: 0
  Spatialize: 0
  SpatializePostEffects: 0
  Priority: 128
  DopplerLevel: 1
  MinDistance: 10
  MaxDistance: 500
  Pan2D: 0
  rolloffMode: 0
  BypassEffects: 0
  BypassListenerEffects: 0
  BypassReverbZones: 0
  rolloffCustomCurve:
    serializedVersion: 2
    m_Curve:
    - serializedVersion: 2
      time: 0
      value: 1
      inSlope: 0
      outSlope: 0
      tangentMode: 0
    - serializedVersion: 2
      time: 1
      value: 0
      inSlope: 0
      outSlope: 0
      tangentMode: 0
    m_PreInfinity: 2
    m_PostInfinity: 2
    m_RotationOrder: 4
  panLevelCustomCurve:
    serializedVersion: 2
    m_Curve:
    - serializedVersion: 2
      time: 0
      value: 1
      inSlope: 0
      outSlope: 0
      tangentMode: 0
    m_PreInfinity: 2
    m_PostInfinity: 2
    m_RotationOrder: 4
  spreadCustomCurve:
    serializedVersion: 2
    m_Curve:
    - serializedVersion: 2
      time: 0
      value: 0
      inSlope: 0
      outSlope: 0
      tangentMode: 0
    m_PreInfinity: 2
    m_PostInfinity: 2
    m_RotationOrder: 4
  reverbZoneMixCustomCurve:
    serializedVersion: 2
    m_Curve:
    - serializedVersion: 2
      time: 0
      value: 1
      inSlope: 0
      outSlope: 0
      tangentMode: 0
    m_PreInfinity: 2
    m_PostInfinity: 2
    m_RotationOrder: 4
--- !u!114 &114592676926499140
MonoBehaviour:
  m_ObjectHideFlags: 0
  m_PrefabParentObject: {fileID: 0}
  m_PrefabInternal: {fileID: 100100000}
  m_GameObject: {fileID: 1650680893715556}
  m_Enabled: 1
  m_EditorHideFlags: 0
  m_Script: {fileID: 11500000, guid: 98636f92b191aa74a9c3a6fab56dd5c7, type: 3}
  m_Name:
  m_EditorClassIdentifier:
  weight: 1
  useLocalization: 0
  useRandomPitch: 0
  randomPitchMode: 0
  randomPitchMin: 0
  randomPitchMax: 0
  useRandomVolume: 0
  randomVolumeMode: 0
  randomVolumeMin: 0
  randomVolumeMax: 0
  audLocation: 0
  resourceFileName:
  internetFileUrl:
  internetFileLoadStatus: 0
  fxTailTime: 0
  original_pitch: 0
  isExpanded: 1
  isChecked: 1
  useFades: 0
  fadeInTime: 0
  fadeOutTime: 0
  useRandomStartTime: 0
  randomStartMinPercent: 0
  randomStartMaxPercent: 0
  useIntroSilence: 0
  introSilenceMin: 0
  introSilenceMax: 0
  fadeMaxVolume: 0
  curFadeMode: 0
  curDetectEndMode: 0
--- !u!114 &114412689542836868
MonoBehaviour:
  m_ObjectHideFlags: 0
  m_PrefabParentObject: {fileID: 0}
  m_PrefabInternal: {fileID: 100100000}
  m_GameObject: {fileID: 1650680893715556}
  m_Enabled: 1
  m_EditorHideFlags: 0
  m_Script: {fileID: 11500000, guid: 1b286a8952ab2a132a97b81e1bbd2dac, type: 3}
  m_Name:
  m_EditorClassIdentifier:
