%YAML 1.1
%TAG !u! tag:unity3d.com,2011:
--- !u!1001 &100100000
Prefab:
  serializedVersion: 2
  m_ObjectHideFlags: 0
  m_Modification:
    m_TransformParent: {fileID: 0}
    m_Modifications: []
    m_RemovedComponents: []
  m_ParentPrefab: {fileID: 0}
  m_RootGameObject: {fileID: 1280584852440009}
  m_IsPrefabParent: 1
--- !u!1 &1280584852440009
GameObject:
  serializedVersion: 5
  m_ObjectHideFlags: 0
  m_PrefabParentObject: {fileID: 0}
  m_PrefabInternal: {fileID: 100100000}
  m_Component:
  - component: {fileID: 4137426612264529}
  - component: {fileID: 114626524127118659}
  - component: {fileID: 114370493445310340}
  m_Layer: 0
  m_Name: Explode
  m_TagString: Untagged
  m_Icon: {fileID: 0}
  m_NavMeshLayer: 0
  m_StaticEditorFlags: 0
  m_IsActive: 1
--- !u!4 &4137426612264529
Transform:
  m_ObjectHideFlags: 0
  m_PrefabParentObject: {fileID: 0}
  m_PrefabInternal: {fileID: 100100000}
  m_GameObject: {fileID: 1280584852440009}
  m_LocalRotation: {x: 0, y: 0, z: 0, w: 1}
  m_LocalPosition: {x: -3.5839548, y: 2.152298, z: 7.339749}
  m_LocalScale: {x: 1, y: 1, z: 1}
  m_Children: []
  m_Father: {fileID: 0}
  m_RootOrder: 0
  m_LocalEulerAnglesHint: {x: 0, y: -0, z: -0}
--- !u!114 &114626524127118659
MonoBehaviour:
  m_ObjectHideFlags: 0
  m_PrefabParentObject: {fileID: 0}
  m_PrefabInternal: {fileID: 100100000}
  m_GameObject: {fileID: 1280584852440009}
  m_Enabled: 1
  m_EditorHideFlags: 0
  m_Script: {fileID: 11500000, guid: 0d05b5e55081907adb091d0701746fd2, type: 3}
  m_Name:
  m_EditorClassIdentifier:
  m_id: explode
  m_wipeDelay: 1
  m_timeScale: 0.05
  m_timeScaleLerp: 0.5
  m_location: 0
  m_disallowObjectNames: []
  m_disallowCharacterIDs:
  - turkey
  m_restrictToCharacterIDs: []
  m_allowIfKilledByEntityEvenOffGround: 1
  m_turnOffExclamation: 0
  m_allowIfFrozen: 1
  m_onDie:
    m_PersistentCalls:
      m_Calls:
      - m_Target: {fileID: 114370493445310340}
        m_MethodName: PlaySFX
        m_Mode: 1
        m_Arguments:
          m_ObjectArgument: {fileID: 0}
          m_ObjectArgumentAssemblyTypeName: UnityEngine.Object, UnityEngine
          m_IntArgument: 0
          m_FloatArgument: 0
          m_StringArgument:
          m_BoolArgument: 0
        m_CallState: 2
    m_TypeName: UnityEngine.Events.UnityEvent, UnityEngine, Version=0.0.0.0, Culture=neutral, PublicKeyToken=null
  m_explodeParticle: {fileID: 198373668557612083, guid: ef0154659b3c0f348a13f27a1018381a, type: 2}
  m_explodeTrail: {fileID: 198417316447229473, guid: b39fcd5a508137b499627fc89e1821da, type: 2}
--- !u!114 &114370493445310340
MonoBehaviour:
  m_ObjectHideFlags: 0
  m_PrefabParentObject: {fileID: 0}
  m_PrefabInternal: {fileID: 100100000}
  m_GameObject: {fileID: 1280584852440009}
  m_Enabled: 1
  m_EditorHideFlags: 0
  m_Script: {fileID: 11500000, guid: b8792ca9369d241bd344f7b12e179a9e, type: 3}
  m_Name:
  m_EditorClassIdentifier:
  m_soundGroup: PC-DeathExplode
  m_is3dSound: 0
  m_playOnAwake: 0
  m_visualCheck: {fileID: 0}
