%YAML 1.1
%TAG !u! tag:unity3d.com,2011:
--- !u!1001 &100100000
Prefab:
  serializedVersion: 2
  m_ObjectHideFlags: 0
  m_Modification:
    m_TransformParent: {fileID: 0}
    m_Modifications: []
    m_RemovedComponents: []
  m_ParentPrefab: {fileID: 0}
  m_RootGameObject: {fileID: 1751389435444466}
  m_IsPrefabParent: 1
--- !u!1 &1751389435444466
GameObject:
  serializedVersion: 5
  m_ObjectHideFlags: 0
  m_PrefabParentObject: {fileID: 0}
  m_PrefabInternal: {fileID: 100100000}
  m_Component:
  - component: {fileID: 4382898842075215}
  - component: {fileID: 114745418259512803}
  - component: {fileID: 114781491022940377}
  - component: {fileID: 114218512880776404}
  - component: {fileID: 114803244729269037}
  - component: {fileID: 114382546120623528}
  - component: {fileID: 114885971041359128}
  - component: {fileID: 114331333911908053}
  - component: {fileID: 114620684455857103}
  - component: {fileID: 114758666475714462}
  - component: {fileID: 114455583192402504}
  - component: {fileID: 114300474919371299}
  - component: {fileID: 114308492372075384}
  - component: {fileID: 114422502835164290}
  m_Layer: 0
  m_Name: Level1
  m_TagString: Untagged
  m_Icon: {fileID: 0}
  m_NavMeshLayer: 0
  m_StaticEditorFlags: 0
  m_IsActive: 1
--- !u!4 &4382898842075215
Transform:
  m_ObjectHideFlags: 0
  m_PrefabParentObject: {fileID: 0}
  m_PrefabInternal: {fileID: 100100000}
  m_GameObject: {fileID: 1751389435444466}
  m_LocalRotation: {x: 0, y: 0, z: 0, w: 1}
  m_LocalPosition: {x: 0, y: 0, z: 0}
  m_LocalScale: {x: 1, y: 1, z: 1}
  m_Children: []
  m_Father: {fileID: 0}
  m_RootOrder: 0
  m_LocalEulerAnglesHint: {x: 0, y: -0, z: -0}
--- !u!114 &114745418259512803
MonoBehaviour:
  m_ObjectHideFlags: 0
  m_PrefabParentObject: {fileID: 0}
  m_PrefabInternal: {fileID: 100100000}
  m_GameObject: {fileID: 1751389435444466}
  m_Enabled: 1
  m_EditorHideFlags: 0
  m_Script: {fileID: 11500000, guid: 409054382c13ee7d4e9126c1b58d3c2b, type: 3}
  m_Name:
  m_EditorClassIdentifier:
  seed: 0
  m_mapsResources:
  - m_path: Maps/World1/Australia
    m_chance: 1
  - m_path: Maps/World1/New/Circle-Lakes
    m_chance: 3
  - m_path: Maps/World1/New/Squares
    m_chance: 4
  - m_path: Maps/World1/New/Junction
    m_chance: 4
  - m_path: Maps/World3/X
    m_chance: 4
  - m_path: Maps/World3/QuadDot
    m_chance: 4
  m_dynamicTiles:
  - {fileID: 114414361744853983, guid: 64a5a7d616717794999afb0f60d63439, type: 2}
  - {fileID: 114644142416154576, guid: 43f7c276c83bda14e924e5539531468b, type: 2}
  - {fileID: 114132857366750119, guid: 8c220bc4c294f3b4a8e8ab3846148965, type: 2}
  - {fileID: 114980975470038980, guid: b5cdfe493d8b7da4c9e688ae0530c88d, type: 2}
  - {fileID: 114133465422057466, guid: d829a8ef2c11b894385ff2d53fbc00d3, type: 2}
  m_dynamicTilesValues:
  - 1
  - 1
  - 1
  - 1
  - 0.4
  m_sceneryDensity: 0.32
  m_waterSceneryDensity: 0.45
  m_cloudsPrefab: {fileID: 1369506588230671, guid: 6daf02634995eb34096896433cc92aab, type: 2}
  m_spawnPos: {x: 0, y: 0, z: 0}
  m_overrideTilesetGroup: {fileID: 0}
  m_onLoadComplete:
    m_PersistentCalls:
      m_Calls: []
    m_TypeName: UnityEngine.Events.UnityEvent, UnityEngine, Version=0.0.0.0, Culture=neutral, PublicKeyToken=null
  m_onUnloadComplete:
    m_PersistentCalls:
      m_Calls: []
    m_TypeName: UnityEngine.Events.UnityEvent, UnityEngine, Version=0.0.0.0, Culture=neutral, PublicKeyToken=null
  m_objectOfDesire: collectible
  m_bonusObjectsOnComplete: 5
  m_debugOptions:
    layer0Visible: 1
    layer1Visible: 1
    layer2Visible: 1
    showGridLayer0: 1
    showGridLayer1: 0
    showGridLayer2: 0
    updateHidden: 1
    reloadHidden: 1
    nextHidden: 1
    prevHidden: 1
    m_usedSeeds:
    m_seedIdx: 0
--- !u!114 &114781491022940377
MonoBehaviour:
  m_ObjectHideFlags: 0
  m_PrefabParentObject: {fileID: 0}
  m_PrefabInternal: {fileID: 100100000}
  m_GameObject: {fileID: 1751389435444466}
  m_Enabled: 1
  m_EditorHideFlags: 0
  m_Script: {fileID: 11500000, guid: cd727e46fbe36968a91b90c858f8b20f, type: 3}
  m_Name:
  m_EditorClassIdentifier:
  m_group: Pickups
  m_density: 0.16
  m_densityPerkId:
  m_landBased: 1
  m_randomRotated: 0
  m_rotateWithTile: 0
  m_maxCurrencyCheck:
  m_maxCurrencyAmount: 0
  m_spawnCountOverridePerkID:
  m_spawnChance:
  - {fileID: 1326087555034958, guid: 6a5bea4c7009dbc48afa98b3206a9e72, type: 2}
  m_spawnChanceValues:
  - 150
  m_spawnCountOverride:
  m_spawnCountValues: []
--- !u!114 &114218512880776404
MonoBehaviour:
  m_ObjectHideFlags: 0
  m_PrefabParentObject: {fileID: 0}
  m_PrefabInternal: {fileID: 100100000}
  m_GameObject: {fileID: 1751389435444466}
  m_Enabled: 1
  m_EditorHideFlags: 0
  m_Script: {fileID: 11500000, guid: cd727e46fbe36968a91b90c858f8b20f, type: 3}
  m_Name:
  m_EditorClassIdentifier:
  m_group: Enemies
  m_density: 1
  m_densityPerkId:
  m_landBased: 1
  m_randomRotated: 1
  m_rotateWithTile: 0
  m_maxCurrencyCheck:
  m_maxCurrencyAmount: 0
  m_spawnCountOverridePerkID:
  m_spawnChance:
  - {fileID: 1788437300578493, guid: 0114b70d1704a7b4589802036fb74692, type: 2}
  - {fileID: 1370659156639922, guid: 2f6ba945b7c957246a6a0049aa5c3e27, type: 2}
  - {fileID: 1095355360490131, guid: ae5ea1dbaee1d3a46a4042b4d8ec00aa, type: 2}
  m_spawnChanceValues:
  - 0.5
  - 0.5
  - 0.3
  m_spawnCountOverride: 0100000002000000
  m_spawnCountValues:
  - 1
  - 1
--- !u!114 &114803244729269037
MonoBehaviour:
  m_ObjectHideFlags: 0
  m_PrefabParentObject: {fileID: 0}
  m_PrefabInternal: {fileID: 100100000}
  m_GameObject: {fileID: 1751389435444466}
  m_Enabled: 1
  m_EditorHideFlags: 0
  m_Script: {fileID: 11500000, guid: cd727e46fbe36968a91b90c858f8b20f, type: 3}
  m_Name:
  m_EditorClassIdentifier:
  m_group: Coins
  m_density: 1
  m_densityPerkId:
  m_landBased: 1
  m_randomRotated: 0
  m_rotateWithTile: 0
  m_maxCurrencyCheck:
  m_maxCurrencyAmount: 0
  m_spawnCountOverridePerkID:
  m_spawnChance:
  - {fileID: 1686250855687632, guid: 74f78b4ee58d21541b7e8548e70419d4, type: 2}
  m_spawnChanceValues:
  - 150
  m_spawnCountOverride: 00000000010000000200000005000000
  m_spawnCountValues:
  - 8
  - 10
  - 2
  - 0.2
--- !u!114 &114382546120623528
MonoBehaviour:
  m_ObjectHideFlags: 0
  m_PrefabParentObject: {fileID: 0}
  m_PrefabInternal: {fileID: 100100000}
  m_GameObject: {fileID: 1751389435444466}
  m_Enabled: 1
  m_EditorHideFlags: 0
  m_Script: {fileID: 11500000, guid: cd727e46fbe36968a91b90c858f8b20f, type: 3}
  m_Name:
  m_EditorClassIdentifier:
  m_group: SetPieces
  m_density: 1
  m_densityPerkId:
  m_landBased: 1
  m_randomRotated: 0
  m_rotateWithTile: 0
  m_maxCurrencyCheck:
  m_maxCurrencyAmount: 0
  m_spawnCountOverridePerkID:
  m_spawnChance:
  - {fileID: 1390999921797674, guid: c7fea28c2710ceb4cbcecb52e55181c1, type: 2}
  - {fileID: 1520663468237926, guid: 0bc4ec1d4951c2941a61ee4536cf9282, type: 2}
  - {fileID: 1753535501876707, guid: 08d4b7cc92fe2a143811eb56dd5f37c8, type: 2}
  - {fileID: 1916917049474990, guid: 9142cb84d02ceb44dbd6928b0b0570c3, type: 2}
  - {fileID: 1503188544561615, guid: feb97bdba4b985d41a6cc5fef0e017f9, type: 2}
  - {fileID: 1954273915811417, guid: e6f9f566a6df30d4dae85534a7c6b0f6, type: 2}
  - {fileID: 1541862939541184, guid: 8068326f323477748b5cf67a7c3fb8e6, type: 2}
  - {fileID: 1176285039384803, guid: d0ae0cb83eb9c31409858289561825c5, type: 2}
  - {fileID: 1632918940585589, guid: 829a0333e38eae546ad0b579b631bd0a, type: 2}
  - {fileID: 1089654619565677, guid: 82bf07c8083611043861b54b4a7e0a98, type: 2}
  - {fileID: 1517622864007633, guid: d8ee9fb2f197d42498a5cd00b44835c4, type: 2}
  - {fileID: 1323112812758212, guid: ee2a1e013a440484fa9f046e162a288f, type: 2}
  - {fileID: 1803694108248735, guid: 8759cd69bf2b31e43b03ad05c901eee2, type: 2}
  - {fileID: 1290885893214341, guid: c24cb9b86a3615f4ca05cda141c69073, type: 2}
  - {fileID: 1001548538720048, guid: 517c24b9c4bd58f408e08f6e4d802049, type: 2}
  - {fileID: 1162819522985859, guid: a1c58fb51aeffb049a91819150051ec1, type: 2}
  - {fileID: 1083416986819402, guid: 4a9989d673a29e44986138c8c67e7889, type: 2}
  - {fileID: 1443761262034085, guid: 3326a7ba73cd7a346b36003a37154e40, type: 2}
  - {fileID: 1362578289624353, guid: b64eee585f234404da2f240d8b28e7bd, type: 2}
  - {fileID: 1726426628328264, guid: e50c4a062c76e4d48b559c9f49e6b589, type: 2}
  - {fileID: 1172154782281811, guid: bb53b879cf87eb940bb23b8864e9e5a5, type: 2}
  - {fileID: 1678134597153713, guid: dfdaa5e1f910522489a1a44850a47de1, type: 2}
  - {fileID: 1175747039330037, guid: 769c6c1b8a61cf445935ca8862c0681a, type: 2}
  - {fileID: 1545747902080880, guid: dfbad35277bea1c459417edb3cbb24f1, type: 2}
  - {fileID: 1049153338313056, guid: 12f598e1ecaa02b49bc0763e19b54a06, type: 2}
  - {fileID: 1144113267428809, guid: 770704e4e0008474a88c1d37f84cfbad, type: 2}
  - {fileID: 1832186435741382, guid: ea31997cfba88134cb833b747f48657c, type: 2}
  - {fileID: 1719070876670230, guid: a8fb756952629ac45830c7ed1a09f1a0, type: 2}
  - {fileID: 1147796491360055, guid: d91d1a6a3a732fe45b9cfa9f30fb7acf, type: 2}
  - {fileID: 1050957764748458, guid: 16c9aa57058b4b447879677025ac6112, type: 2}
  - {fileID: 1704643546780704, guid: 267e5e72e1e406040a2b2a3662c6b46f, type: 2}
  - {fileID: 1256856749444613, guid: 2e1b3c263c7c0fe4990a120ea324d8c2, type: 2}
  - {fileID: 1111041208945454, guid: 2e7ecad444bc57f4288ee6d6623b5536, type: 2}
  - {fileID: 1801480635453631, guid: f9879417ad945e94cb917c0c956d16a8, type: 2}
  - {fileID: 1610625089657038, guid: 2ed8cf4f97849904185c530ec11265d7, type: 2}
  - {fileID: 1925274958572738, guid: 97002476b54a8ba45823ca58a78d2427, type: 2}
  - {fileID: 1869770297166925, guid: c0330d9643e690b4a864e36a219c4a86, type: 2}
  - {fileID: 1257173090464974, guid: 9306524c8d084ef469fc0b381a9c22dd, type: 2}
  m_spawnChanceValues:
  - 1
  - 0.7
  - 0
  - 1
  - 1
  - 1
  - 1
  - 1
  - 1
  - 1
  - 1
  - 0.2
  - 0.1
  - 1
  - 1
  - 0.5
  - 0
  - 0.5
  - 0.5
  - 0.5
  - 0.5
  - 0.5
  - 0.5
  - 0.5
  - 0.5
  - 0.5
  - 0.5
  - 0.5
  - 0.5
  - 0.5
  - 0.5
  - 0.5
  - 1
  - 1
  - 1
  - 1
  - 1
  - 1
  m_spawnCountOverride: 0000000001000000
  m_spawnCountValues:
  - 1
  - 1
--- !u!114 &114885971041359128
MonoBehaviour:
  m_ObjectHideFlags: 0
  m_PrefabParentObject: {fileID: 0}
  m_PrefabInternal: {fileID: 100100000}
  m_GameObject: {fileID: 1751389435444466}
  m_Enabled: 1
  m_EditorHideFlags: 0
  m_Script: {fileID: 11500000, guid: cd727e46fbe36968a91b90c858f8b20f, type: 3}
  m_Name:
  m_EditorClassIdentifier:
  m_group: Powerups
  m_density: 1
  m_densityPerkId:
  m_landBased: 1
  m_randomRotated: 0
  m_rotateWithTile: 0
  m_maxCurrencyCheck:
  m_maxCurrencyAmount: 0
  m_spawnCountOverridePerkID: Hot Sauce Chance
  m_spawnChance:
  - {fileID: 1516909382410731, guid: 2315acea4fb83144e985d918c006b0d6, type: 2}
  m_spawnChanceValues:
  - 150
  m_spawnCountOverride: 0000000001000000
  m_spawnCountValues:
  - 4
  - 1
--- !u!114 &114331333911908053
MonoBehaviour:
  m_ObjectHideFlags: 0
  m_PrefabParentObject: {fileID: 0}
  m_PrefabInternal: {fileID: 100100000}
  m_GameObject: {fileID: 1751389435444466}
  m_Enabled: 1
  m_EditorHideFlags: 0
  m_Script: {fileID: 11500000, guid: cd727e46fbe36968a91b90c858f8b20f, type: 3}
  m_Name:
  m_EditorClassIdentifier:
  m_group: Rabbits
  m_density: 1
  m_densityPerkId:
  m_landBased: 1
  m_randomRotated: 1
  m_rotateWithTile: 0
  m_maxCurrencyCheck:
  m_maxCurrencyAmount: 0
  m_spawnCountOverridePerkID: Rabbit Chance
  m_spawnChance:
  - {fileID: 1694431294101271, guid: f322ec1f11ed7554cb28b380496ada2e, type: 2}
  - {fileID: 1109645250921024, guid: 3ac87ad506358ad49a4bd952a120c818, type: 2}
  m_spawnChanceValues:
  - 1
  - 2
  m_spawnCountOverride: 0000000001000000
  m_spawnCountValues:
  - 2
  - 1
--- !u!114 &114620684455857103
MonoBehaviour:
  m_ObjectHideFlags: 0
  m_PrefabParentObject: {fileID: 0}
  m_PrefabInternal: {fileID: 100100000}
  m_GameObject: {fileID: 1751389435444466}
  m_Enabled: 1
  m_EditorHideFlags: 0
  m_Script: {fileID: 11500000, guid: cd727e46fbe36968a91b90c858f8b20f, type: 3}
  m_Name:
  m_EditorClassIdentifier:
  m_group: Fences
  m_density: 0.8
  m_densityPerkId:
  m_landBased: 1
  m_randomRotated: 0
  m_rotateWithTile: 1
  m_maxCurrencyCheck:
  m_maxCurrencyAmount: 0
  m_spawnCountOverridePerkID:
  m_spawnChance:
  - {fileID: 1578219877978377, guid: 17788a6e7ac69e04aa5b7d43a7090131, type: 2}
  - {fileID: 1463239634013290, guid: d6c61480c133b154994b1e32b36b410e, type: 2}
  - {fileID: 1785819805165527, guid: d0447e4e7a5e5784ea84734ed14d0912, type: 2}
  - {fileID: 1042603570975996, guid: 307f145f072a04542b82baadfa48302e, type: 2}
  - {fileID: 1062965570442995, guid: ad116e4d3bca23547829fce284a1940c, type: 2}
  m_spawnChanceValues:
  - 1
  - 1
  - 1
  - 1
  - 1
  m_spawnCountOverride:
  m_spawnCountValues: []
--- !u!114 &114758666475714462
MonoBehaviour:
  m_ObjectHideFlags: 0
  m_PrefabParentObject: {fileID: 0}
  m_PrefabInternal: {fileID: 100100000}
  m_GameObject: {fileID: 1751389435444466}
  m_Enabled: 1
  m_EditorHideFlags: 0
  m_Script: {fileID: 11500000, guid: bcd91aa163d3487f90838ec55307e18e, type: 3}
  m_Name:
  m_EditorClassIdentifier:
  m_cloudRings:
  - m_clouds:
    - {fileID: 114521166413242604, guid: 9d055231de9f0df488d3b41968af2320, type: 2}
    - {fileID: 114587140548828871, guid: 8661ddf83b5bc0c45a674b1e63b3228a, type: 2}
    - {fileID: 114697388156809414, guid: 46462c141ce2099469f3013227c4945e, type: 2}
    m_angleSpacing:
      m_min: 25
      m_max: 35
    m_distance:
      m_min: 50
      m_max: 60
    m_height:
      m_min: 20
      m_max: 30
    m_removeFront: 1
  - m_clouds:
    - {fileID: 114521166413242604, guid: 9d055231de9f0df488d3b41968af2320, type: 2}
    - {fileID: 114587140548828871, guid: 8661ddf83b5bc0c45a674b1e63b3228a, type: 2}
    - {fileID: 114697388156809414, guid: 46462c141ce2099469f3013227c4945e, type: 2}
    m_angleSpacing:
      m_min: 15
      m_max: 20
    m_distance:
      m_min: 10
      m_max: 120
    m_height:
      m_min: -10
      m_max: -80
    m_removeFront: 0
  - m_clouds:
    - {fileID: 114514224651991426, guid: ca451722a99af2e488653771426b4257, type: 2}
    - {fileID: 114527974928296465, guid: f9754e84b54601b40b8d9eebf671196b, type: 2}
    - {fileID: 114352220659413177, guid: 4d58294df4e9cdb4e8432a48dd25bf66, type: 2}
    m_angleSpacing:
      m_min: 15
      m_max: 20
    m_distance:
      m_min: 5
      m_max: 170
    m_height:
      m_min: -50
      m_max: -100
    m_removeFront: 0
  - m_clouds:
    - {fileID: 114789542860197711, guid: 9b57d3ee21d6c9a4b9a3914da306914d, type: 2}
    - {fileID: 114658840741377373, guid: 82b1257480dbb1e4c96cd9eba9573fc7, type: 2}
    - {fileID: 114795964253254349, guid: 250a0ab721678164da5e790ba49f2fc7, type: 2}
    - {fileID: 114269557656892163, guid: 50b407d3edfbcff428ff69ecfd746ced, type: 2}
    - {fileID: 114494704970534354, guid: c19b7dc466b00334ebcfc802cf3726d8, type: 2}
    - {fileID: 114974252002154031, guid: e88fdb4a5815bfc4d9d69f329dae545e, type: 2}
    m_angleSpacing:
      m_min: 15
      m_max: 25
    m_distance:
      m_min: 120
      m_max: 170
    m_height:
      m_min: -55
      m_max: -75
    m_removeFront: 0
--- !u!114 &114455583192402504
MonoBehaviour:
  m_ObjectHideFlags: 0
  m_PrefabParentObject: {fileID: 0}
  m_PrefabInternal: {fileID: 100100000}
  m_GameObject: {fileID: 1751389435444466}
  m_Enabled: 1
  m_EditorHideFlags: 0
  m_Script: {fileID: 11500000, guid: cd727e46fbe36968a91b90c858f8b20f, type: 3}
  m_Name:
  m_EditorClassIdentifier:
  m_group: Extras
  m_density: 1
  m_densityPerkId:
  m_landBased: 1
  m_randomRotated: 0
  m_rotateWithTile: 0
  m_maxCurrencyCheck: jackolantern
  m_maxCurrencyAmount: 50
  m_spawnCountOverridePerkID:
  m_spawnChance:
  - {fileID: 1822031313629693, guid: 8a0d82e8c89c3d047b78392c74fb563a, type: 2}
  m_spawnChanceValues:
  - 1
  m_spawnCountOverride: 0000000001000000
  m_spawnCountValues:
  - 1
  - 1
--- !u!114 &114300474919371299
MonoBehaviour:
  m_ObjectHideFlags: 0
  m_PrefabParentObject: {fileID: 0}
  m_PrefabInternal: {fileID: 100100000}
  m_GameObject: {fileID: 1751389435444466}
  m_Enabled: 1
  m_EditorHideFlags: 0
  m_Script: {fileID: 11500000, guid: cd727e46fbe36968a91b90c858f8b20f, type: 3}
  m_Name:
  m_EditorClassIdentifier:
  m_group: Extras
  m_density: 1
  m_densityPerkId:
  m_landBased: 1
  m_randomRotated: 0
  m_rotateWithTile: 0
  m_maxCurrencyCheck: redenvelope
  m_maxCurrencyAmount: 50
  m_spawnCountOverridePerkID:
  m_spawnChance:
  - {fileID: 1082511792114844, guid: ec067fbcd6c08364fb275ca9aac1285c, type: 2}
  m_spawnChanceValues:
  - 1
  m_spawnCountOverride: 0000000001000000
  m_spawnCountValues:
  - 1
  - 1
--- !u!114 &114308492372075384
MonoBehaviour:
  m_ObjectHideFlags: 0
  m_PrefabParentObject: {fileID: 0}
  m_PrefabInternal: {fileID: 100100000}
  m_GameObject: {fileID: 1751389435444466}
  m_Enabled: 1
  m_EditorHideFlags: 0
  m_Script: {fileID: 11500000, guid: cd727e46fbe36968a91b90c858f8b20f, type: 3}
  m_Name:
  m_EditorClassIdentifier:
  m_group: Monkey
  m_density: 1
  m_densityPerkId:
  m_landBased: 1
  m_randomRotated: 1
  m_rotateWithTile: 0
  m_maxCurrencyCheck:
  m_maxCurrencyAmount: 0
  m_spawnCountOverridePerkID:
  m_spawnChance:
  - {fileID: 1247506126545672, guid: 502d84f5c6353c643a1062b15f006496, type: 2}
  m_spawnChanceValues:
  - 1
  m_spawnCountOverride: 0000000001000000
  m_spawnCountValues:
  - 1
  - 1
--- !u!114 &114422502835164290
MonoBehaviour:
  m_ObjectHideFlags: 0
  m_PrefabParentObject: {fileID: 0}
  m_PrefabInternal: {fileID: 100100000}
  m_GameObject: {fileID: 1751389435444466}
  m_Enabled: 1
  m_EditorHideFlags: 0
  m_Script: {fileID: 11500000, guid: cd727e46fbe36968a91b90c858f8b20f, type: 3}
  m_Name:
  m_EditorClassIdentifier:
  m_group: Extras
  m_density: 1
  m_densityPerkId:
  m_landBased: 1
  m_randomRotated: 0
  m_rotateWithTile: 0
  m_maxCurrencyCheck: easteregg
  m_maxCurrencyAmount: 50
  m_spawnCountOverridePerkID:
  m_spawnChance:
  - {fileID: 1347934032921324, guid: d918e26c12540f14980ba12b5121f054, type: 2}
  m_spawnChanceValues:
  - 1
  m_spawnCountOverride: 0000000001000000
  m_spawnCountValues:
  - 1
  - 1
