%YAML 1.1
%TAG !u! tag:unity3d.com,2011:
--- !u!1001 &100100000
Prefab:
  serializedVersion: 2
  m_ObjectHideFlags: 0
  m_Modification:
    m_TransformParent: {fileID: 0}
    m_Modifications: []
    m_RemovedComponents: []
  m_ParentPrefab: {fileID: 0}
  m_RootGameObject: {fileID: 1467473588992906}
  m_IsPrefabParent: 1
--- !u!1 &1467473588992906
GameObject:
  serializedVersion: 5
  m_ObjectHideFlags: 0
  m_PrefabParentObject: {fileID: 0}
  m_PrefabInternal: {fileID: 100100000}
  m_Component:
  - component: {fileID: 4741593048033500}
  - component: {fileID: 114052211664277713}
  - component: {fileID: 114505745831143895}
  - component: {fileID: 114859815343220864}
  m_Layer: 0
  m_Name: MapsForTesting
  m_TagString: Untagged
  m_Icon: {fileID: 0}
  m_NavMeshLayer: 0
  m_StaticEditorFlags: 0
  m_IsActive: 1
--- !u!4 &4741593048033500
Transform:
  m_ObjectHideFlags: 0
  m_PrefabParentObject: {fileID: 0}
  m_PrefabInternal: {fileID: 100100000}
  m_GameObject: {fileID: 1467473588992906}
  m_LocalRotation: {x: 0, y: 0, z: 0, w: 1}
  m_LocalPosition: {x: 0, y: 0, z: 0}
  m_LocalScale: {x: 1, y: 1, z: 1}
  m_Children: []
  m_Father: {fileID: 0}
  m_RootOrder: 0
  m_LocalEulerAnglesHint: {x: 0, y: -0, z: -0}
--- !u!114 &114052211664277713
MonoBehaviour:
  m_ObjectHideFlags: 0
  m_PrefabParentObject: {fileID: 0}
  m_PrefabInternal: {fileID: 100100000}
  m_GameObject: {fileID: 1467473588992906}
  m_Enabled: 1
  m_EditorHideFlags: 0
  m_Script: {fileID: 11500000, guid: 409054382c13ee7d4e9126c1b58d3c2b, type: 3}
  m_Name:
  m_EditorClassIdentifier:
  seed: 0
  m_mapsResources:
  - m_path: Maps/World1/New/Circle-Lakes
    m_chance: 1
  m_dynamicTiles:
  - {fileID: 114414361744853983, guid: 64a5a7d616717794999afb0f60d63439, type: 2}
  - {fileID: 114644142416154576, guid: 43f7c276c83bda14e924e5539531468b, type: 2}
  - {fileID: 114132857366750119, guid: 8c220bc4c294f3b4a8e8ab3846148965, type: 2}
  - {fileID: 114980975470038980, guid: b5cdfe493d8b7da4c9e688ae0530c88d, type: 2}
  - {fileID: 114167393420034410, guid: 73294ec3291dc3142bf6815c98a11983, type: 2}
  m_dynamicTilesValues:
  - 1
  - 1
  - 1
  - 1
  - 1
  m_sceneryDensity: 0.45
  m_waterSceneryDensity: 0.45
  m_cloudsPrefab: {fileID: 0}
  m_spawnPos: {x: 0, y: 0, z: 0}
  m_overrideTilesetGroup: {fileID: 0}
  m_onLoadComplete:
    m_PersistentCalls:
      m_Calls: []
    m_TypeName: UnityEngine.Events.UnityEvent, UnityEngine, Version=0.0.0.0, Culture=neutral, PublicKeyToken=null
  m_onUnloadComplete:
    m_PersistentCalls:
      m_Calls: []
    m_TypeName: UnityEngine.Events.UnityEvent, UnityEngine, Version=0.0.0.0, Culture=neutral, PublicKeyToken=null
  m_objectOfDesire: collectible
  m_bonusObjectsOnComplete: 5
  m_debugOptions:
    layer0Visible: 1
    layer1Visible: 1
    layer2Visible: 1
    showGridLayer0: 1
    showGridLayer1: 0
    showGridLayer2: 0
    updateHidden: 1
    reloadHidden: 1
    nextHidden: 1
    prevHidden: 1
    m_usedSeeds:
    m_seedIdx: 0
--- !u!114 &114505745831143895
MonoBehaviour:
  m_ObjectHideFlags: 0
  m_PrefabParentObject: {fileID: 0}
  m_PrefabInternal: {fileID: 100100000}
  m_GameObject: {fileID: 1467473588992906}
  m_Enabled: 1
  m_EditorHideFlags: 0
  m_Script: {fileID: 11500000, guid: cd727e46fbe36968a91b90c858f8b20f, type: 3}
  m_Name:
  m_EditorClassIdentifier:
  m_group: Pickups
  m_density: 0.172
  m_densityPerkId:
  m_landBased: 1
  m_randomRotated: 1
  m_rotateWithTile: 0
  m_maxCurrencyCheck:
  m_maxCurrencyAmount: 0
  m_spawnCountOverridePerkID:
  m_spawnChance:
  - {fileID: 1686250855687632, guid: 74f78b4ee58d21541b7e8548e70419d4, type: 2}
  m_spawnChanceValues:
  - 5
  m_spawnCountOverride:
  m_spawnCountValues: []
--- !u!114 &114859815343220864
MonoBehaviour:
  m_ObjectHideFlags: 0
  m_PrefabParentObject: {fileID: 0}
  m_PrefabInternal: {fileID: 100100000}
  m_GameObject: {fileID: 1467473588992906}
  m_Enabled: 1
  m_EditorHideFlags: 0
  m_Script: {fileID: 11500000, guid: cd727e46fbe36968a91b90c858f8b20f, type: 3}
  m_Name:
  m_EditorClassIdentifier:
  m_group: Enemies
  m_density: 1
  m_densityPerkId:
  m_landBased: 1
  m_randomRotated: 1
  m_rotateWithTile: 0
  m_maxCurrencyCheck:
  m_maxCurrencyAmount: 0
  m_spawnCountOverridePerkID:
  m_spawnChance:
  - {fileID: 1370659156639922, guid: 2f6ba945b7c957246a6a0049aa5c3e27, type: 2}
  - {fileID: 1095355360490131, guid: ae5ea1dbaee1d3a46a4042b4d8ec00aa, type: 2}
  - {fileID: 1324757487910442, guid: 432db37e493db4144a44ccf0d3fb54f6, type: 2}
  m_spawnChanceValues:
  - 0.5
  - 0.5
  - 0.5
  m_spawnCountOverride: 000000000100000003000000040000000500000008000000
  m_spawnCountValues:
  - 0.1
  - 0.2
  - 2
  - 4
  - 5
  - 2
