%YAML 1.1
%TAG !u! tag:unity3d.com,2011:
--- !u!1001 &100100000
Prefab:
  serializedVersion: 2
  m_ObjectHideFlags: 0
  m_Modification:
    m_TransformParent: {fileID: 0}
    m_Modifications: []
    m_RemovedComponents: []
  m_ParentPrefab: {fileID: 0}
  m_RootGameObject: {fileID: 1290913824675632}
  m_IsPrefabParent: 1
--- !u!1 &1290913824675632
GameObject:
  serializedVersion: 5
  m_ObjectHideFlags: 0
  m_PrefabParentObject: {fileID: 0}
  m_PrefabInternal: {fileID: 100100000}
  m_Component:
  - component: {fileID: 4338788945427892}
  - component: {fileID: 114670384318739202}
  - component: {fileID: 54061561224994123}
  - component: {fileID: 114362404531975360}
  - component: {fileID: 114007936564607455}
  - component: {fileID: 114610391196130528}
  - component: {fileID: 114142258692890558}
  - component: {fileID: 95318155011358194}
  m_Layer: 0
  m_Name: SpiderImpossible
  m_TagString: Untagged
  m_Icon: {fileID: 0}
  m_NavMeshLayer: 0
  m_StaticEditorFlags: 0
  m_IsActive: 1
--- !u!4 &4338788945427892
Transform:
  m_ObjectHideFlags: 0
  m_PrefabParentObject: {fileID: 0}
  m_PrefabInternal: {fileID: 100100000}
  m_GameObject: {fileID: 1290913824675632}
  m_LocalRotation: {x: 0, y: 0, z: 0, w: 1}
  m_LocalPosition: {x: 0, y: 20, z: 0}
  m_LocalScale: {x: 1, y: 1, z: 1}
  m_Children:
  - {fileID: 4860340513721535}
  - {fileID: 4937567932213127}
  m_Father: {fileID: 0}
  m_RootOrder: 0
  m_LocalEulerAnglesHint: {x: 0, y: -0, z: -0}
--- !u!114 &114670384318739202
MonoBehaviour:
  m_ObjectHideFlags: 0
  m_PrefabParentObject: {fileID: 0}
  m_PrefabInternal: {fileID: 100100000}
  m_GameObject: {fileID: 1290913824675632}
  m_Enabled: 1
  m_EditorHideFlags: 0
  m_Script: {fileID: 11500000, guid: a8e41ce66af4b702b9e96d4ac983cf13, type: 3}
  m_Name:
  m_EditorClassIdentifier:
  m_id: Spider
  m_icon: {fileID: 21300000, guid: 85ccb198446b15b4db71d221636aa438, type: 2}
  m_enemyForMissions: 1
  m_idleOptions:
    m_idleType: 0
    m_turnFequency:
      m_min: 3
      m_max: 4
    m_turnSpeed: 6
    m_stopFrequency:
      m_min: 0
      m_max: 0
    m_stopTime:
      m_min: 0
      m_max: 0
    m_accel: 0
    m_maxSpeedPerkIds: []
    m_maxSpeed: 0
  m_alertChaseOptions:
    m_alertTime: 0
  m_chaseOptions:
    m_chaseType: 1
    m_turnSpeed: 1
    m_turnPercentage: 1
    m_turnStoppedSpeed: 5
    m_accel: 0.05
    m_maxSpeed: 5
    m_maxSpeedPerkIds: []
    m_jumpSpeed: 0
    m_chargeTime: 0
    m_chargePerkIds: []
    m_detectionOptions:
      m_detectionType: 3
      m_startRange: 10
      m_endRange: 25
      m_fovAngle: 30
      m_fovRange: 15
      m_distancePerkID:
    m_onEnter:
      m_PersistentCalls:
        m_Calls: []
      m_TypeName: UnityEngine.Events.UnityEvent, UnityEngine, Version=0.0.0.0, Culture=neutral, PublicKeyToken=null
    m_onExit:
      m_PersistentCalls:
        m_Calls: []
      m_TypeName: UnityEngine.Events.UnityEvent, UnityEngine, Version=0.0.0.0, Culture=neutral, PublicKeyToken=null
  m_alertFleeOptions:
    m_alertTime: 0
  m_fleeOptions:
    m_fleeType: 0
    m_fleeFromPlayer: 0
    m_fleeFromInvinciblePlayer: 0
    m_turnFequency:
      m_min: 0
      m_max: 0
    m_turnSpeed: 0
    m_turnStoppedSpeed: 0
    m_accel: 0
    m_maxSpeed: 0
    m_maxSpeedPerkIds: []
    m_jumpSpeed: 0
    m_chargeTime: 0
    m_chargePerkIds: []
    m_detectionOptions:
      m_detectionType: 0
      m_startRange: 0
      m_endRange: 0
      m_fovAngle: 0
      m_fovRange: 0
      m_distancePerkID:
    m_onEnter:
      m_PersistentCalls:
        m_Calls: []
      m_TypeName: UnityEngine.Events.UnityEvent, UnityEngine, Version=0.0.0.0, Culture=neutral, PublicKeyToken=null
    m_onExit:
      m_PersistentCalls:
        m_Calls: []
      m_TypeName: UnityEngine.Events.UnityEvent, UnityEngine, Version=0.0.0.0, Culture=neutral, PublicKeyToken=null
  m_edgeOptions:
    m_stopBeforeEdges: 0
    m_stopDistance: 2
    m_detectWidth: 2
  m_destructiveOptions:
    m_canDie: 0
    m_canKill: 1
    m_killableByPlayer: 0
    m_strength: 500
    m_fallDeathHeight: -25
    m_spawnObject: {fileID: 0}
    m_spawnCount:
      m_min: 0
      m_max: 0
    m_spawnCountPerkID:
    m_destroyTags: []
    m_onKillEntity:
      m_PersistentCalls:
        m_Calls: []
      m_TypeName: UnityEngine.Events.UnityEvent, UnityEngine, Version=0.0.0.0, Culture=neutral, PublicKeyToken=null
    m_onDeath:
      m_PersistentCalls:
        m_Calls: []
      m_TypeName: UnityEngine.Events.UnityEvent, UnityEngine, Version=0.0.0.0, Culture=neutral, PublicKeyToken=null
    m_onWasKilledByEntity:
      m_PersistentCalls:
        m_Calls: []
      m_TypeName: UnityEngine.Events.UnityEvent, UnityEngine, Version=0.0.0.0, Culture=neutral, PublicKeyToken=null
  m_avoidBlockOptions:
    m_avoidType: 0
    m_delayTime: 0
    m_speed: 0
    m_triggerTags: []
    m_triggerOnStay: 0
    m_onEnter:
      m_PersistentCalls:
        m_Calls: []
      m_TypeName: UnityEngine.Events.UnityEvent, UnityEngine, Version=0.0.0.0, Culture=neutral, PublicKeyToken=null
    m_onExit:
      m_PersistentCalls:
        m_Calls: []
      m_TypeName: UnityEngine.Events.UnityEvent, UnityEngine, Version=0.0.0.0, Culture=neutral, PublicKeyToken=null
  m_knockbackOptions:
    m_force: 50000
    m_stateOnExit: 0
    m_verticalForce: 100000
  m_scaleOnAlive: 0
  m_scaleOnAliveCurve:
    serializedVersion: 2
    m_Curve: []
    m_PreInfinity: 2
    m_PostInfinity: 2
    m_RotationOrder: 4
  m_scaleOnAliveTime: 0
  m_selfDestructAfterTime: 0
  m_deathParticles: []
  m_deathParticlesValues: []
  m_selfDestroyParticles: {fileID: 0}
--- !u!54 &54061561224994123
Rigidbody:
  serializedVersion: 2
  m_ObjectHideFlags: 0
  m_PrefabParentObject: {fileID: 0}
  m_PrefabInternal: {fileID: 100100000}
  m_GameObject: {fileID: 1290913824675632}
  m_Mass: 100
  m_Drag: 0
  m_AngularDrag: 0.05
  m_UseGravity: 0
  m_IsKinematic: 0
  m_Interpolate: 1
  m_Constraints: 112
  m_CollisionDetection: 1
--- !u!114 &114362404531975360
MonoBehaviour:
  m_ObjectHideFlags: 0
  m_PrefabParentObject: {fileID: 0}
  m_PrefabInternal: {fileID: 100100000}
  m_GameObject: {fileID: 1290913824675632}
  m_Enabled: 1
  m_EditorHideFlags: 0
  m_Script: {fileID: 11500000, guid: 7b7adee02b21e75c9c10a181d9c7d2b2, type: 3}
  m_Name:
  m_EditorClassIdentifier:
  m_heightAboveGround: 20
  m_smoothTime: 0.4
--- !u!114 &114007936564607455
MonoBehaviour:
  m_ObjectHideFlags: 0
  m_PrefabParentObject: {fileID: 0}
  m_PrefabInternal: {fileID: 100100000}
  m_GameObject: {fileID: 1290913824675632}
  m_Enabled: 0
  m_EditorHideFlags: 0
  m_Script: {fileID: 11500000, guid: 74270d9599131d386a9599b01b92aa57, type: 3}
  m_Name:
  m_EditorClassIdentifier:
  m_spawnPrefab: {fileID: 1793546721378240, guid: f28004e7514607b43952524c444f143a, type: 2}
  m_spawnInfinite: 1
  m_rotateTowardsPlayer: 0
  m_spawnCount:
    m_min: 0
    m_max: 0
  m_spawnAtOnce:
    m_min: 1
    m_max: 1
  m_spawnDelay:
    m_min: 0.4
    m_max: 1.5
  m_spawnRotation:
    m_min: 0
    m_max: 0
  m_xOffset:
    m_min: -20
    m_max: 20
  m_yOffset:
    m_min: 50
    m_max: 75
  m_zOffset:
    m_min: -20
    m_max: 20
  m_spawnOnPlayer: 1
  m_onSpawn:
    m_PersistentCalls:
      m_Calls: []
    m_TypeName: UnityEngine.Events.UnityEvent, UnityEngine, Version=0.0.0.0, Culture=neutral, PublicKeyToken=null
--- !u!114 &114610391196130528
MonoBehaviour:
  m_ObjectHideFlags: 0
  m_PrefabParentObject: {fileID: 0}
  m_PrefabInternal: {fileID: 100100000}
  m_GameObject: {fileID: 1290913824675632}
  m_Enabled: 1
  m_EditorHideFlags: 0
  m_Script: {fileID: 11500000, guid: bf8995098f83c0d7d778bd1e5662f185, type: 3}
  m_Name:
  m_EditorClassIdentifier:
  m_onTrigger:
    m_PersistentCalls:
      m_Calls:
      - m_Target: {fileID: 114142258692890558}
        m_MethodName: Trigger
        m_Mode: 1
        m_Arguments:
          m_ObjectArgument: {fileID: 0}
          m_ObjectArgumentAssemblyTypeName: UnityEngine.Object, UnityEngine
          m_IntArgument: 0
          m_FloatArgument: 0
          m_StringArgument:
          m_BoolArgument: 0
        m_CallState: 2
    m_TypeName: UnityEngine.Events.UnityEvent, UnityEngine, Version=0.0.0.0, Culture=neutral, PublicKeyToken=null
--- !u!114 &114142258692890558
MonoBehaviour:
  m_ObjectHideFlags: 0
  m_PrefabParentObject: {fileID: 0}
  m_PrefabInternal: {fileID: 100100000}
  m_GameObject: {fileID: 1290913824675632}
  m_Enabled: 1
  m_EditorHideFlags: 0
  m_Script: {fileID: 11500000, guid: cf06a70b89fe7ff711f3818603625d2c, type: 3}
  m_Name:
  m_EditorClassIdentifier:
  m_onTimeReached:
    m_PersistentCalls:
      m_Calls:
      - m_Target: {fileID: 114007936564607455}
        m_MethodName: set_enabled
        m_Mode: 6
        m_Arguments:
          m_ObjectArgument: {fileID: 0}
          m_ObjectArgumentAssemblyTypeName: UnityEngine.Object, UnityEngine
          m_IntArgument: 0
          m_FloatArgument: 0
          m_StringArgument:
          m_BoolArgument: 1
        m_CallState: 2
    m_TypeName: UnityEngine.Events.UnityEvent, UnityEngine, Version=0.0.0.0, Culture=neutral, PublicKeyToken=null
  m_triggerDelay: 1
  m_waitForPlayerToStopMoving: 0
--- !u!95 &95318155011358194
Animator:
  serializedVersion: 3
  m_ObjectHideFlags: 0
  m_PrefabParentObject: {fileID: 0}
  m_PrefabInternal: {fileID: 100100000}
  m_GameObject: {fileID: 1290913824675632}
  m_Enabled: 1
  m_Avatar: {fileID: 9000000, guid: d104a8ba294b802469d56e0431e9e196, type: 2}
  m_Controller: {fileID: 9100000, guid: 9b26f79e7a7c66d4e894993d4ff77047, type: 2}
  m_CullingMode: 1
  m_UpdateMode: 0
  m_ApplyRootMotion: 0
  m_LinearVelocityBlending: 0
  m_WarningMessage:
  m_HasTransformHierarchy: 1
  m_AllowConstantClipSamplingOptimization: 1
--- !u!1 &1017352828108272
GameObject:
  serializedVersion: 5
  m_ObjectHideFlags: 0
  m_PrefabParentObject: {fileID: 0}
  m_PrefabInternal: {fileID: 100100000}
  m_Component:
  - component: {fileID: 4860340513721535}
  m_Layer: 0
  m_Name: Root
  m_TagString: Untagged
  m_Icon: {fileID: 0}
  m_NavMeshLayer: 0
  m_StaticEditorFlags: 0
  m_IsActive: 1
--- !u!4 &4860340513721535
Transform:
  m_ObjectHideFlags: 0
  m_PrefabParentObject: {fileID: 0}
  m_PrefabInternal: {fileID: 100100000}
  m_GameObject: {fileID: 1017352828108272}
  m_LocalRotation: {x: 0, y: 0, z: 0, w: 1}
  m_LocalPosition: {x: 0, y: 0, z: 0}
  m_LocalScale: {x: 0.5, y: 0.5, z: 0.5}
  m_Children:
  - {fileID: 4675194350875016}
  - {fileID: 4631670369829074}
  m_Father: {fileID: 4338788945427892}
  m_RootOrder: 0
  m_LocalEulerAnglesHint: {x: 0, y: -0, z: -0}
--- !u!1 &1692855460583395
GameObject:
  serializedVersion: 5
  m_ObjectHideFlags: 0
  m_PrefabParentObject: {fileID: 0}
  m_PrefabInternal: {fileID: 100100000}
  m_Component:
  - component: {fileID: 4675194350875016}
  m_Layer: 0
  m_Name: Cloud_CTRL
  m_TagString: Untagged
  m_Icon: {fileID: 0}
  m_NavMeshLayer: 0
  m_StaticEditorFlags: 0
  m_IsActive: 1
--- !u!4 &4675194350875016
Transform:
  m_ObjectHideFlags: 0
  m_PrefabParentObject: {fileID: 0}
  m_PrefabInternal: {fileID: 100100000}
  m_GameObject: {fileID: 1692855460583395}
  m_LocalRotation: {x: 0.0008726642, y: -0.0008726642, z: 7.615434E-07, w: 0.9999992}
  m_LocalPosition: {x: 0, y: 0, z: 0}
  m_LocalScale: {x: 1, y: 1, z: 1}
  m_Children: []
  m_Father: {fileID: 4860340513721535}
  m_RootOrder: 0
  m_LocalEulerAnglesHint: {x: 0.1, y: 0.1, z: 3.0356679E-12}
--- !u!1 &1580513073252790
GameObject:
  serializedVersion: 5
  m_ObjectHideFlags: 0
  m_PrefabParentObject: {fileID: 0}
  m_PrefabInternal: {fileID: 100100000}
  m_Component:
  - component: {fileID: 4631670369829074}
  m_Layer: 0
  m_Name: Spider_CTRL
  m_TagString: Untagged
  m_Icon: {fileID: 0}
  m_NavMeshLayer: 0
  m_StaticEditorFlags: 0
  m_IsActive: 1
--- !u!4 &4631670369829074
Transform:
  m_ObjectHideFlags: 0
  m_PrefabParentObject: {fileID: 0}
  m_PrefabInternal: {fileID: 100100000}
  m_GameObject: {fileID: 1580513073252790}
  m_LocalRotation: {x: 0.0008726642, y: -0.0008726642, z: 7.615434E-07, w: 0.9999992}
  m_LocalPosition: {x: 0, y: 0, z: 0}
  m_LocalScale: {x: 1, y: 1, z: 1}
  m_Children:
  - {fileID: 4403150495597383}
  - {fileID: 4655155101361966}
  - {fileID: 4565531021716794}
  m_Father: {fileID: 4860340513721535}
  m_RootOrder: 1
  m_LocalEulerAnglesHint: {x: 0.1, y: 0.1, z: 3.0356679E-12}
--- !u!1 &1394586125091028
GameObject:
  serializedVersion: 5
  m_ObjectHideFlags: 0
  m_PrefabParentObject: {fileID: 0}
  m_PrefabInternal: {fileID: 100100000}
  m_Component:
  - component: {fileID: 4403150495597383}
  m_Layer: 0
  m_Name: Abdomen_CTRL
  m_TagString: Untagged
  m_Icon: {fileID: 0}
  m_NavMeshLayer: 0
  m_StaticEditorFlags: 0
  m_IsActive: 1
--- !u!4 &4403150495597383
Transform:
  m_ObjectHideFlags: 0
  m_PrefabParentObject: {fileID: 0}
  m_PrefabInternal: {fileID: 100100000}
  m_GameObject: {fileID: 1394586125091028}
  m_LocalRotation: {x: 0.00087266415, y: -0.00087266415, z: 7.6154333E-07, w: 0.9999992}
  m_LocalPosition: {x: -2.1684043E-19, y: 0.79999995, z: 0.5}
  m_LocalScale: {x: 1, y: 1, z: 1}
  m_Children: []
  m_Father: {fileID: 4631670369829074}
  m_RootOrder: 0
  m_LocalEulerAnglesHint: {x: 0.099999994, y: 0.099999994, z: -2.0920954E-12}
--- !u!1 &1592276126529042
GameObject:
  serializedVersion: 5
  m_ObjectHideFlags: 0
  m_PrefabParentObject: {fileID: 0}
  m_PrefabInternal: {fileID: 100100000}
  m_Component:
  - component: {fileID: 4655155101361966}
  m_Layer: 0
  m_Name: Head_CTRL
  m_TagString: Untagged
  m_Icon: {fileID: 0}
  m_NavMeshLayer: 0
  m_StaticEditorFlags: 0
  m_IsActive: 1
--- !u!4 &4655155101361966
Transform:
  m_ObjectHideFlags: 0
  m_PrefabParentObject: {fileID: 0}
  m_PrefabInternal: {fileID: 100100000}
  m_GameObject: {fileID: 1592276126529042}
  m_LocalRotation: {x: 0.00087266415, y: -0.00087266415, z: 7.6154333E-07, w: 0.9999992}
  m_LocalPosition: {x: -2.1684043E-19, y: 0.79999995, z: 0.5}
  m_LocalScale: {x: 1, y: 1, z: 1}
  m_Children:
  - {fileID: 4877733237657030}
  - {fileID: 4891305970213641}
  - {fileID: 4747301083679621}
  m_Father: {fileID: 4631670369829074}
  m_RootOrder: 1
  m_LocalEulerAnglesHint: {x: 0.099999994, y: 0.099999994, z: -2.0920954E-12}
--- !u!1 &1953826649027225
GameObject:
  serializedVersion: 5
  m_ObjectHideFlags: 0
  m_PrefabParentObject: {fileID: 0}
  m_PrefabInternal: {fileID: 100100000}
  m_Component:
  - component: {fileID: 4877733237657030}
  m_Layer: 0
  m_Name: Eyes
  m_TagString: Untagged
  m_Icon: {fileID: 0}
  m_NavMeshLayer: 0
  m_StaticEditorFlags: 0
  m_IsActive: 1
--- !u!4 &4877733237657030
Transform:
  m_ObjectHideFlags: 0
  m_PrefabParentObject: {fileID: 0}
  m_PrefabInternal: {fileID: 100100000}
  m_GameObject: {fileID: 1953826649027225}
  m_LocalRotation: {x: 0.43915516, y: -0.0007840115, z: 0.00038323525, w: 0.8984108}
  m_LocalPosition: {x: 4.3368087E-19, y: 0.26, z: 0.84999996}
  m_LocalScale: {x: 1, y: 1, z: 1}
  m_Children: []
  m_Father: {fileID: 4655155101361966}
  m_RootOrder: 0
  m_LocalEulerAnglesHint: {x: 52.1, y: 0.099999994, z: 9.33179E-10}
--- !u!1 &1469160506996212
GameObject:
  serializedVersion: 5
  m_ObjectHideFlags: 0
  m_PrefabParentObject: {fileID: 0}
  m_PrefabInternal: {fileID: 100100000}
  m_Component:
  - component: {fileID: 4891305970213641}
  m_Layer: 0
  m_Name: Pincer1
  m_TagString: Untagged
  m_Icon: {fileID: 0}
  m_NavMeshLayer: 0
  m_StaticEditorFlags: 0
  m_IsActive: 1
--- !u!4 &4891305970213641
Transform:
  m_ObjectHideFlags: 0
  m_PrefabParentObject: {fileID: 0}
  m_PrefabInternal: {fileID: 100100000}
  m_GameObject: {fileID: 1469160506996212}
  m_LocalRotation: {x: 0.3387378, y: -0.00082107325, z: 0.00029560455, w: 0.9408804}
  m_LocalPosition: {x: 0.3, y: -0.1785607, z: 0.9163553}
  m_LocalScale: {x: 1, y: 1, z: 1}
  m_Children: []
  m_Father: {fileID: 4655155101361966}
  m_RootOrder: 1
  m_LocalEulerAnglesHint: {x: 39.6, y: 0.1, z: 1.8756237E-10}
--- !u!1 &1502075477353249
GameObject:
  serializedVersion: 5
  m_ObjectHideFlags: 0
  m_PrefabParentObject: {fileID: 0}
  m_PrefabInternal: {fileID: 100100000}
  m_Component:
  - component: {fileID: 4747301083679621}
  m_Layer: 0
  m_Name: Pincer2
  m_TagString: Untagged
  m_Icon: {fileID: 0}
  m_NavMeshLayer: 0
  m_StaticEditorFlags: 0
  m_IsActive: 1
--- !u!4 &4747301083679621
Transform:
  m_ObjectHideFlags: 0
  m_PrefabParentObject: {fileID: 0}
  m_PrefabInternal: {fileID: 100100000}
  m_GameObject: {fileID: 1502075477353249}
  m_LocalRotation: {x: 0.3387378, y: -0.00082107325, z: 0.00029560455, w: 0.9408804}
  m_LocalPosition: {x: -0.3, y: -0.1785607, z: 0.9163553}
  m_LocalScale: {x: 1, y: 1, z: 1}
  m_Children: []
  m_Father: {fileID: 4655155101361966}
  m_RootOrder: 2
  m_LocalEulerAnglesHint: {x: 39.6, y: 0.1, z: 1.8756237E-10}
--- !u!1 &1024004441858917
GameObject:
  serializedVersion: 5
  m_ObjectHideFlags: 0
  m_PrefabParentObject: {fileID: 0}
  m_PrefabInternal: {fileID: 100100000}
  m_Component:
  - component: {fileID: 4565531021716794}
  m_Layer: 0
  m_Name: Legs_CTRL
  m_TagString: Untagged
  m_Icon: {fileID: 0}
  m_NavMeshLayer: 0
  m_StaticEditorFlags: 0
  m_IsActive: 1
--- !u!4 &4565531021716794
Transform:
  m_ObjectHideFlags: 0
  m_PrefabParentObject: {fileID: 0}
  m_PrefabInternal: {fileID: 100100000}
  m_GameObject: {fileID: 1024004441858917}
  m_LocalRotation: {x: 0.00087266415, y: -0.00087266415, z: 7.6154333E-07, w: 0.9999992}
  m_LocalPosition: {x: -2.1684043E-19, y: 0.79999995, z: 0.5}
  m_LocalScale: {x: 1, y: 1, z: 1}
  m_Children: []
  m_Father: {fileID: 4631670369829074}
  m_RootOrder: 2
  m_LocalEulerAnglesHint: {x: 0.099999994, y: 0.099999994, z: -2.0920954E-12}
--- !u!1 &1871684971764812
GameObject:
  serializedVersion: 5
  m_ObjectHideFlags: 0
  m_PrefabParentObject: {fileID: 0}
  m_PrefabInternal: {fileID: 100100000}
  m_Component:
  - component: {fileID: 4937567932213127}
  - component: {fileID: 137146977627401708}
  m_Layer: 0
  m_Name: Spider
  m_TagString: Untagged
  m_Icon: {fileID: 0}
  m_NavMeshLayer: 0
  m_StaticEditorFlags: 0
  m_IsActive: 1
--- !u!4 &4937567932213127
Transform:
  m_ObjectHideFlags: 0
  m_PrefabParentObject: {fileID: 0}
  m_PrefabInternal: {fileID: 100100000}
  m_GameObject: {fileID: 1871684971764812}
  m_LocalRotation: {x: 0, y: 0, z: 0, w: 1}
  m_LocalPosition: {x: 0, y: 0, z: 0}
  m_LocalScale: {x: 1, y: 1, z: 1}
  m_Children: []
  m_Father: {fileID: 4338788945427892}
  m_RootOrder: 1
  m_LocalEulerAnglesHint: {x: 0, y: -0, z: -0}
--- !u!137 &137146977627401708
SkinnedMeshRenderer:
  serializedVersion: 2
  m_ObjectHideFlags: 0
  m_PrefabParentObject: {fileID: 0}
  m_PrefabInternal: {fileID: 100100000}
  m_GameObject: {fileID: 1871684971764812}
  m_Enabled: 1
  m_CastShadows: 1
  m_ReceiveShadows: 1
  m_MotionVectors: 1
  m_LightProbeUsage: 1
  m_ReflectionProbeUsage: 1
  m_Materials:
  - {fileID: 2100000, guid: e13c88e70f0420a42b6a7637565f0baf, type: 2}
  - {fileID: 2100000, guid: 47cedd2ae4998dc49ade80aea5ac6d80, type: 2}
  m_StaticBatchInfo:
    firstSubMesh: 0
    subMeshCount: 0
  m_StaticBatchRoot: {fileID: 0}
  m_ProbeAnchor: {fileID: 0}
  m_LightProbeVolumeOverride: {fileID: 0}
  m_ScaleInLightmap: 1
  m_PreserveUVs: 0
  m_IgnoreNormalsForChartDetection: 0
  m_ImportantGI: 0
  m_SelectedEditorRenderState: 3
  m_MinimumChartSize: 4
  m_AutoUVMaxDistance: 0.5
  m_AutoUVMaxAngle: 89
  m_LightmapParameters: {fileID: 0}
  m_SortingLayerID: 0
  m_SortingLayer: 0
  m_SortingOrder: 0
  m_Quality: 0
  m_UpdateWhenOffscreen: 0
  m_SkinnedMotionVectors: 1
  m_Mesh: {fileID: 4300000, guid: e25ad820651126e48af8624723294fd3, type: 2}
  m_Bones:
  - {fileID: 4860340513721535}
  - {fileID: 4631670369829074}
  - {fileID: 4403150495597383}
  - {fileID: 4565531021716794}
  - {fileID: 4655155101361966}
  - {fileID: 4877733237657030}
  - {fileID: 4747301083679621}
  - {fileID: 4891305970213641}
  - {fileID: 4675194350875016}
  m_BlendShapeWeights: []
  m_RootBone: {fileID: 4860340513721535}
  m_AABB:
    m_Center: {x: 0.11035538, y: 0.40851516, z: -0.03021264}
    m_Extent: {x: 2.3779883, y: 1.6835091, z: 2.3536804}
  m_DirtyAABB: 0
