%YAML 1.1
%TAG !u! tag:unity3d.com,2011:
--- !u!1001 &100100000
Prefab:
  serializedVersion: 2
  m_ObjectHideFlags: 0
  m_Modification:
    m_TransformParent: {fileID: 0}
    m_Modifications: []
    m_RemovedComponents: []
  m_ParentPrefab: {fileID: 0}
  m_RootGameObject: {fileID: 1259463109306765}
  m_IsPrefabParent: 1
--- !u!1 &1259463109306765
GameObject:
  serializedVersion: 5
  m_ObjectHideFlags: 0
  m_PrefabParentObject: {fileID: 0}
  m_PrefabInternal: {fileID: 100100000}
  m_Component:
  - component: {fileID: 4366568009976189}
  - component: {fileID: 20125932874066012}
  - component: {fileID: 92992813568535718}
  - component: {fileID: 114451009209397685}
  m_Layer: 0
  m_Name: VisualCamera
  m_TagString: MainCamera
  m_Icon: {fileID: 0}
  m_NavMeshLayer: 0
  m_StaticEditorFlags: 0
  m_IsActive: 1
--- !u!4 &4366568009976189
Transform:
  m_ObjectHideFlags: 0
  m_PrefabParentObject: {fileID: 0}
  m_PrefabInternal: {fileID: 100100000}
  m_GameObject: {fileID: 1259463109306765}
  m_LocalRotation: {x: 0.4210101, y: -0.07898993, z: 0.036833614, w: 0.90285903}
  m_LocalPosition: {x: 8.5, y: 60, z: -50}
  m_LocalScale: {x: 1, y: 1, z: 1}
  m_Children: []
  m_Father: {fileID: 0}
  m_RootOrder: 0
  m_LocalEulerAnglesHint: {x: 50, y: 10, z: -2.480227E-07}
--- !u!20 &20125932874066012
Camera:
  serializedVersion: 2
  m_ObjectHideFlags: 0
  m_PrefabParentObject: {fileID: 0}
  m_PrefabInternal: {fileID: 100100000}
  m_GameObject: {fileID: 1259463109306765}
  m_Enabled: 1
  m_ClearFlags: 1
  m_BackGroundColor: {r: 0.66873914, g: 0.9011737, b: 0.97794116, a: 1}
  m_NormalizedViewPortRect:
    serializedVersion: 2
    x: 0
    y: 0
    width: 1
    height: 1
  near clip plane: 0.3
  far clip plane: 1000
  field of view: 36
  orthographic: 0
  orthographic size: 1.89
  m_Depth: -1
  m_CullingMask:
    serializedVersion: 2
    m_Bits: 4294967263
  m_RenderingPath: -1
  m_TargetTexture: {fileID: 0}
  m_TargetDisplay: 0
  m_TargetEye: 3
  m_HDR: 0
  m_AllowMSAA: 1
  m_ForceIntoRT: 0
  m_OcclusionCulling: 1
  m_StereoConvergence: 10
  m_StereoSeparation: 0.022
  m_StereoMirrorMode: 0
--- !u!92 &92992813568535718
GUILayer:
  m_ObjectHideFlags: 0
  m_PrefabParentObject: {fileID: 0}
  m_PrefabInternal: {fileID: 100100000}
  m_GameObject: {fileID: 1259463109306765}
  m_Enabled: 1
--- !u!114 &114451009209397685
MonoBehaviour:
  m_ObjectHideFlags: 0
  m_PrefabParentObject: {fileID: 0}
  m_PrefabInternal: {fileID: 100100000}
  m_GameObject: {fileID: 1259463109306765}
  m_Enabled: 1
  m_EditorHideFlags: 0
  m_Script: {fileID: 11500000, guid: 60df341d7edd9e452d326b8b55a842ca, type: 3}
  m_Name:
  m_EditorClassIdentifier:
  m_targetPrefab: {fileID: 114273476818004626, guid: 3fef9dea9ef02ab4491057c5f4875760, type: 2}
  m_peekTargetPrefab: {fileID: 114927189274651702, guid: dc1f7ee76423b1e4bacbb896cbf4ff1c, type: 2}
  m_targetDiffMax: 0
  m_offsetDirection: {x: 0, y: 0, z: 0}
  m_baseOffsetLength: 0
  m_smoothTime: 0.15
  m_smoothDeceleration: 0.0001
  m_zoomOptions:
    m_canZoom: 1
    m_smoothTime: 0.77
    m_minSpeed: 6.93
    m_maxSpeed: 40
    m_normalFOV: 36
    m_zoomFOV: 42
    m_zoomOutScale: 0.69
  m_xTilt:
    m_tilt: 0
    m_tiltCurrent: 0
    m_smoothVelocity: 0
    m_smoothTime: 0.3
    m_min: -5
    m_max: 5
    m_scale: 2
  m_yTilt:
    m_tilt: 0
    m_tiltCurrent: 0
    m_smoothVelocity: 0
    m_smoothTime: 0.3
    m_min: -1
    m_max: 1
    m_scale: 1
  m_aspectZoomValues:
  - m_name: 16/9
    m_aspectRatio: 1.7777
    m_zoom: 45
  - m_name: 9/16
    m_aspectRatio: 0.5625
    m_zoom: 80
  m_skyboxOptions:
    m_skybox: {fileID: 2100000, guid: 30d859a4fa84b8b4eb41549ad6b95232, type: 2}
    m_minRot: -10
    m_maxRot: 35
    m_minHeight: 60
    m_maxHeight: 392.47
    m_currentRotation: 0
    m_fogColor: {r: 1, g: 1, b: 1, a: 1}
    m_fogTexture: {fileID: 0}
    m_fogMinHeight: -80
    m_fogMaxHeight: -5
    m_colorize: {r: 1, g: 1, b: 1, a: 1}
    m_currentTexture: {fileID: 0}
    m_originalMinRot: 0
    m_originalMaxRot: 0
    m_originalMinHeight: 0
    m_originalMaxHeight: 0
    m_originalFogColor: {r: 0, g: 0, b: 0, a: 0}
    m_originalFogMinHeight: 0
    m_originalFogMaxHeight: 0
  m_cameraShakes:
  - m_name: Blast Off
    m_warmUpTime: 1
    m_shakeAmount: 1.5
    m_shakePeriod: 0
    m_amountCurve:
      serializedVersion: 2
      m_Curve:
      - serializedVersion: 2
        time: -0.00041201734
        value: 0.9999954
        inSlope: -0.008832003
        outSlope: -0.008832003
        tangentMode: 0
      - serializedVersion: 2
        time: 0.02328946
        value: 0.9997861
        inSlope: -0.008832002
        outSlope: -273.60532
        tangentMode: 0
      - serializedVersion: 2
        time: 0.025845144
        value: 0.3005376
        inSlope: Infinity
        outSlope: -0.31001332
        tangentMode: 0
      - serializedVersion: 2
        time: 1
        value: -0.0014634063
        inSlope: -0.31001335
        outSlope: -0.31001335
        tangentMode: 0
      m_PreInfinity: 2
      m_PostInfinity: 2
      m_RotationOrder: 4
    m_peroidCurve:
      serializedVersion: 2
      m_Curve:
      - serializedVersion: 2
        time: 0
        value: 1
        inSlope: 0
        outSlope: 0
        tangentMode: 0
      - serializedVersion: 2
        time: 1
        value: 1
        inSlope: 0
        outSlope: 0
        tangentMode: 0
      m_PreInfinity: 2
      m_PostInfinity: 2
      m_RotationOrder: 4
    m_disableTime: 1
    m_timer: 0
    m_timeActive: 0
    m_active: 0
    m_target: {x: 0, y: 0, z: 0}
    m_onStart:
      m_PersistentCalls:
        m_Calls: []
      m_TypeName: UnityEngine.Events.UnityEvent, UnityEngine, Version=0.0.0.0, Culture=neutral, PublicKeyToken=null
    m_onStop:
      m_PersistentCalls:
        m_Calls: []
      m_TypeName: UnityEngine.Events.UnityEvent, UnityEngine, Version=0.0.0.0, Culture=neutral, PublicKeyToken=null
  - m_name: Landing Impact
    m_warmUpTime: 0.5
    m_shakeAmount: 1.5
    m_shakePeriod: 0
    m_amountCurve:
      serializedVersion: 2
      m_Curve:
      - serializedVersion: 2
        time: -0.0014124293
        value: 1.0012034
        inSlope: -1.0012527
        outSlope: -1.0012527
        tangentMode: 0
      - serializedVersion: 2
        time: 1
        value: -0.0014634063
        inSlope: -1.0012527
        outSlope: -1.0012527
        tangentMode: 0
      m_PreInfinity: 2
      m_PostInfinity: 2
      m_RotationOrder: 4
    m_peroidCurve:
      serializedVersion: 2
      m_Curve:
      - serializedVersion: 2
        time: 0
        value: 1
        inSlope: 0
        outSlope: 0
        tangentMode: 0
      - serializedVersion: 2
        time: 1
        value: 1
        inSlope: 0
        outSlope: 0
        tangentMode: 0
      m_PreInfinity: 2
      m_PostInfinity: 2
      m_RotationOrder: 4
    m_disableTime: 0.5
    m_timer: 0
    m_timeActive: 0
    m_active: 0
    m_target: {x: 0, y: 0, z: 0}
    m_onStart:
      m_PersistentCalls:
        m_Calls: []
      m_TypeName: UnityEngine.Events.UnityEvent, UnityEngine, Version=0.0.0.0, Culture=neutral, PublicKeyToken=null
    m_onStop:
      m_PersistentCalls:
        m_Calls: []
      m_TypeName: UnityEngine.Events.UnityEvent, UnityEngine, Version=0.0.0.0, Culture=neutral, PublicKeyToken=null
  - m_name: Invincible
    m_warmUpTime: 0.7
    m_shakeAmount: 0.45
    m_shakePeriod: 0
    m_amountCurve:
      serializedVersion: 2
      m_Curve:
      - serializedVersion: 2
        time: -0.0014124293
        value: 1.0012034
        inSlope: -1.0012527
        outSlope: -1.0012527
        tangentMode: 0
      - serializedVersion: 2
        time: 1
        value: -0.0014634063
        inSlope: -1.0012527
        outSlope: -1.0012527
        tangentMode: 0
      m_PreInfinity: 2
      m_PostInfinity: 2
      m_RotationOrder: 4
    m_peroidCurve:
      serializedVersion: 2
      m_Curve:
      - serializedVersion: 2
        time: 0
        value: 1
        inSlope: 0
        outSlope: 0
        tangentMode: 0
      - serializedVersion: 2
        time: 1
        value: 1
        inSlope: 0
        outSlope: 0
        tangentMode: 0
      m_PreInfinity: 2
      m_PostInfinity: 2
      m_RotationOrder: 4
    m_disableTime: 0.7
    m_timer: 0
    m_timeActive: 0
    m_active: 0
    m_target: {x: 0, y: 0, z: 0}
    m_onStart:
      m_PersistentCalls:
        m_Calls: []
      m_TypeName: UnityEngine.Events.UnityEvent, UnityEngine, Version=0.0.0.0, Culture=neutral, PublicKeyToken=null
    m_onStop:
      m_PersistentCalls:
        m_Calls: []
      m_TypeName: UnityEngine.Events.UnityEvent, UnityEngine, Version=0.0.0.0, Culture=neutral, PublicKeyToken=null
  - m_name: Altar
    m_warmUpTime: 0.5
    m_shakeAmount: 1
    m_shakePeriod: 0
    m_amountCurve:
      serializedVersion: 2
      m_Curve:
      - serializedVersion: 2
        time: -0.0014124293
        value: 1.0012034
        inSlope: -1.0012527
        outSlope: -1.0012527
        tangentMode: 0
      - serializedVersion: 2
        time: 1
        value: -0.0014634063
        inSlope: -1.0012527
        outSlope: -1.0012527
        tangentMode: 0
      m_PreInfinity: 2
      m_PostInfinity: 2
      m_RotationOrder: 4
    m_peroidCurve:
      serializedVersion: 2
      m_Curve:
      - serializedVersion: 2
        time: 0
        value: 1
        inSlope: 0
        outSlope: 0
        tangentMode: 0
      - serializedVersion: 2
        time: 1
        value: 1
        inSlope: 0
        outSlope: 0
        tangentMode: 0
      m_PreInfinity: 2
      m_PostInfinity: 2
      m_RotationOrder: 4
    m_disableTime: 0.5
    m_timer: 0
    m_timeActive: 0
    m_active: 0
    m_target: {x: 0, y: 0, z: 0}
    m_onStart:
      m_PersistentCalls:
        m_Calls: []
      m_TypeName: UnityEngine.Events.UnityEvent, UnityEngine, Version=0.0.0.0, Culture=neutral, PublicKeyToken=null
    m_onStop:
      m_PersistentCalls:
        m_Calls: []
      m_TypeName: UnityEngine.Events.UnityEvent, UnityEngine, Version=0.0.0.0, Culture=neutral, PublicKeyToken=null
  - m_name: Totem
    m_warmUpTime: 1
    m_shakeAmount: 0.7
    m_shakePeriod: 0
    m_amountCurve:
      serializedVersion: 2
      m_Curve:
      - serializedVersion: 2
        time: -0.0014124293
        value: 1.0012034
        inSlope: -1.0012527
        outSlope: -1.0012527
        tangentMode: 0
      - serializedVersion: 2
        time: 1
        value: -0.0014634063
        inSlope: -1.0012527
        outSlope: -1.0012527
        tangentMode: 0
      m_PreInfinity: 2
      m_PostInfinity: 2
      m_RotationOrder: 4
    m_peroidCurve:
      serializedVersion: 2
      m_Curve:
      - serializedVersion: 2
        time: 0
        value: 1
        inSlope: 0
        outSlope: 0
        tangentMode: 0
      - serializedVersion: 2
        time: 1
        value: 1
        inSlope: 0
        outSlope: 0
        tangentMode: 0
      m_PreInfinity: 2
      m_PostInfinity: 2
      m_RotationOrder: 4
    m_disableTime: 1
    m_timer: 0
    m_timeActive: 0
    m_active: 0
    m_target: {x: 0, y: 0, z: 0}
    m_onStart:
      m_PersistentCalls:
        m_Calls: []
      m_TypeName: UnityEngine.Events.UnityEvent, UnityEngine, Version=0.0.0.0, Culture=neutral, PublicKeyToken=null
    m_onStop:
      m_PersistentCalls:
        m_Calls: []
      m_TypeName: UnityEngine.Events.UnityEvent, UnityEngine, Version=0.0.0.0, Culture=neutral, PublicKeyToken=null
  - m_name: Bull Impact
    m_warmUpTime: 0.5
    m_shakeAmount: 0.9
    m_shakePeriod: 0
    m_amountCurve:
      serializedVersion: 2
      m_Curve:
      - serializedVersion: 2
        time: -0.0014124293
        value: 1.0012034
        inSlope: -1.0012527
        outSlope: -1.0012527
        tangentMode: 0
      - serializedVersion: 2
        time: 1
        value: -0.0014634063
        inSlope: -1.0012527
        outSlope: -1.0012527
        tangentMode: 0
      m_PreInfinity: 2
      m_PostInfinity: 2
      m_RotationOrder: 4
    m_peroidCurve:
      serializedVersion: 2
      m_Curve:
      - serializedVersion: 2
        time: 0
        value: 1
        inSlope: 0
        outSlope: 0
        tangentMode: 0
      - serializedVersion: 2
        time: 1
        value: 1
        inSlope: 0
        outSlope: 0
        tangentMode: 0
      m_PreInfinity: 2
      m_PostInfinity: 2
      m_RotationOrder: 4
    m_disableTime: 0.5
    m_timer: 0
    m_timeActive: 0
    m_active: 0
    m_target: {x: 0, y: 0, z: 0}
    m_onStart:
      m_PersistentCalls:
        m_Calls: []
      m_TypeName: UnityEngine.Events.UnityEvent, UnityEngine, Version=0.0.0.0, Culture=neutral, PublicKeyToken=null
    m_onStop:
      m_PersistentCalls:
        m_Calls: []
      m_TypeName: UnityEngine.Events.UnityEvent, UnityEngine, Version=0.0.0.0, Culture=neutral, PublicKeyToken=null
  - m_name: Invincible Kill
    m_warmUpTime: 0.2
    m_shakeAmount: 0.8
    m_shakePeriod: 0
    m_amountCurve:
      serializedVersion: 2
      m_Curve:
      - serializedVersion: 2
        time: -0.0014124293
        value: 1.0012034
        inSlope: -1.0012527
        outSlope: -1.0012527
        tangentMode: 0
      - serializedVersion: 2
        time: 1
        value: -0.0014634063
        inSlope: -1.0012527
        outSlope: -1.0012527
        tangentMode: 0
      m_PreInfinity: 2
      m_PostInfinity: 2
      m_RotationOrder: 4
    m_peroidCurve:
      serializedVersion: 2
      m_Curve:
      - serializedVersion: 2
        time: 0
        value: 1
        inSlope: 0
        outSlope: 0
        tangentMode: 0
      - serializedVersion: 2
        time: 1
        value: 1
        inSlope: 0
        outSlope: 0
        tangentMode: 0
      m_PreInfinity: 2
      m_PostInfinity: 2
      m_RotationOrder: 4
    m_disableTime: 0.2
    m_timer: 0
    m_timeActive: 0
    m_active: 0
    m_target: {x: 0, y: 0, z: 0}
    m_onStart:
      m_PersistentCalls:
        m_Calls: []
      m_TypeName: UnityEngine.Events.UnityEvent, UnityEngine, Version=0.0.0.0, Culture=neutral, PublicKeyToken=null
    m_onStop:
      m_PersistentCalls:
        m_Calls: []
      m_TypeName: UnityEngine.Events.UnityEvent, UnityEngine, Version=0.0.0.0, Culture=neutral, PublicKeyToken=null
  - m_name: Fall Impact
    m_warmUpTime: 0.3
    m_shakeAmount: 0.25
    m_shakePeriod: 0
    m_amountCurve:
      serializedVersion: 2
      m_Curve:
      - serializedVersion: 2
        time: -0.0014124293
        value: 1.0012034
        inSlope: -1.0012527
        outSlope: -1.0012527
        tangentMode: 0
      - serializedVersion: 2
        time: 1
        value: -0.0014634063
        inSlope: -1.0012527
        outSlope: -1.0012527
        tangentMode: 0
      m_PreInfinity: 2
      m_PostInfinity: 2
      m_RotationOrder: 4
    m_peroidCurve:
      serializedVersion: 2
      m_Curve:
      - serializedVersion: 2
        time: 0
        value: 1
        inSlope: 0
        outSlope: 0
        tangentMode: 0
      - serializedVersion: 2
        time: 1
        value: 1
        inSlope: 0
        outSlope: 0
        tangentMode: 0
      m_PreInfinity: 2
      m_PostInfinity: 2
      m_RotationOrder: 4
    m_disableTime: 0.3
    m_timer: 0
    m_timeActive: 0
    m_active: 0
    m_target: {x: 0, y: 0, z: 0}
    m_onStart:
      m_PersistentCalls:
        m_Calls: []
      m_TypeName: UnityEngine.Events.UnityEvent, UnityEngine, Version=0.0.0.0, Culture=neutral, PublicKeyToken=null
    m_onStop:
      m_PersistentCalls:
        m_Calls: []
      m_TypeName: UnityEngine.Events.UnityEvent, UnityEngine, Version=0.0.0.0, Culture=neutral, PublicKeyToken=null
  - m_name: Launch
    m_warmUpTime: 0.3
    m_shakeAmount: 0.2
    m_shakePeriod: 0
    m_amountCurve:
      serializedVersion: 2
      m_Curve:
      - serializedVersion: 2
        time: 0
        value: 1
        inSlope: -0.90092534
        outSlope: -0.90092534
        tangentMode: 0
      - serializedVersion: 2
        time: 1.1099669
        value: 2.7646747E-06
        inSlope: -0.90092534
        outSlope: -0.90092534
        tangentMode: 0
      m_PreInfinity: 2
      m_PostInfinity: 2
      m_RotationOrder: 4
    m_peroidCurve:
      serializedVersion: 2
      m_Curve:
      - serializedVersion: 2
        time: 0
        value: 1
        inSlope: 0
        outSlope: 0
        tangentMode: 0
      - serializedVersion: 2
        time: 1
        value: 1
        inSlope: 0
        outSlope: 0
        tangentMode: 0
      m_PreInfinity: 2
      m_PostInfinity: 2
      m_RotationOrder: 4
    m_disableTime: 0
    m_timer: 0
    m_timeActive: 0
    m_active: 0
    m_target: {x: 0, y: 0, z: 0}
    m_onStart:
      m_PersistentCalls:
        m_Calls: []
      m_TypeName: UnityEngine.Events.UnityEvent, UnityEngine, Version=0.0.0.0, Culture=neutral, PublicKeyToken=null
    m_onStop:
      m_PersistentCalls:
        m_Calls: []
      m_TypeName: UnityEngine.Events.UnityEvent, UnityEngine, Version=0.0.0.0, Culture=neutral, PublicKeyToken=null
  - m_name: Reentery
    m_warmUpTime: 2
    m_shakeAmount: 0.4
    m_shakePeriod: 0
    m_amountCurve:
      serializedVersion: 2
      m_Curve:
      - serializedVersion: 2
        time: -2.4020672E-05
        value: 0
        inSlope: 0
        outSlope: 0
        tangentMode: 0
      - serializedVersion: 2
        time: 0.50630784
        value: 0
        inSlope: Infinity
        outSlope: 2.0255537
        tangentMode: 0
      - serializedVersion: 2
        time: 1
        value: 1
        inSlope: 2.0255537
        outSlope: 2.0255537
        tangentMode: 0
      m_PreInfinity: 2
      m_PostInfinity: 2
      m_RotationOrder: 4
    m_peroidCurve:
      serializedVersion: 2
      m_Curve: []
      m_PreInfinity: 2
      m_PostInfinity: 2
      m_RotationOrder: 4
    m_disableTime: 0
    m_timer: 0
    m_timeActive: 0
    m_active: 0
    m_target: {x: 0, y: 0, z: 0}
    m_onStart:
      m_PersistentCalls:
        m_Calls: []
      m_TypeName: UnityEngine.Events.UnityEvent, UnityEngine, Version=0.0.0.0, Culture=neutral, PublicKeyToken=null
    m_onStop:
      m_PersistentCalls:
        m_Calls: []
      m_TypeName: UnityEngine.Events.UnityEvent, UnityEngine, Version=0.0.0.0, Culture=neutral, PublicKeyToken=null
  DefaultSkyboxTexture: {fileID: 2800000, guid: 30550d20909242c45b712b588b5aa0fe, type: 3}
  m_testParalaxTransform: {fileID: 0}
  shadowsOnlyOnPlayer: 0
