%YAML 1.1
%TAG !u! tag:unity3d.com,2011:
--- !u!1001 &100100000
Prefab:
  serializedVersion: 2
  m_ObjectHideFlags: 0
  m_Modification:
    m_TransformParent: {fileID: 0}
    m_Modifications: []
    m_RemovedComponents: []
  m_ParentPrefab: {fileID: 0}
  m_RootGameObject: {fileID: 1748732129249999}
  m_IsPrefabParent: 1
--- !u!1 &1748732129249999
GameObject:
  serializedVersion: 5
  m_ObjectHideFlags: 0
  m_PrefabParentObject: {fileID: 0}
  m_PrefabInternal: {fileID: 100100000}
  m_Component:
  - component: {fileID: 4010204105718041}
  - component: {fileID: 114121515881306482}
  m_Layer: 0
  m_Name: Volume Rising
  m_TagString: Untagged
  m_Icon: {fileID: 0}
  m_NavMeshLayer: 0
  m_StaticEditorFlags: 0
  m_IsActive: 1
--- !u!4 &4010204105718041
Transform:
  m_ObjectHideFlags: 0
  m_PrefabParentObject: {fileID: 0}
  m_PrefabInternal: {fileID: 100100000}
  m_GameObject: {fileID: 1748732129249999}
  m_LocalRotation: {x: 0, y: 0, z: 0, w: 1}
  m_LocalPosition: {x: 0, y: 0, z: 0}
  m_LocalScale: {x: 1, y: 1, z: 1}
  m_Children:
  - {fileID: 4435472739077541}
  - {fileID: 4060886306007277}
  - {fileID: 4801435049152777}
  - {fileID: 4886504829300395}
  - {fileID: 4821173314382927}
  m_Father: {fileID: 0}
  m_RootOrder: 0
  m_LocalEulerAnglesHint: {x: 0, y: -0, z: -0}
--- !u!114 &114121515881306482
MonoBehaviour:
  m_ObjectHideFlags: 0
  m_PrefabParentObject: {fileID: 0}
  m_PrefabInternal: {fileID: 100100000}
  m_GameObject: {fileID: 1748732129249999}
  m_Enabled: 1
  m_EditorHideFlags: 0
  m_Script: {fileID: 11500000, guid: 73daf88c72ebdb3d9cfe4d1e03b4b1f5, type: 3}
  m_Name:
  m_EditorClassIdentifier:
  busIndex: -1
  spatialBlendType: 1
  spatialBlend: 1
  isSelected: 0
  isExpanded: 1
  groupMasterVolume: 1
  retriggerPercentage: 50
  curVariationMode: 0
  alwaysHighestPriority: 0
  chainLoopDelayMin: 0
  chainLoopDelayMax: 0
  chainLoopMode: 0
  chainLoopNumLoops: 0
  useDialogFadeOut: 0
  dialogFadeOutTime: 0.5
  curVariationSequence: 1
  useInactivePeriodPoolRefill: 0
  inactivePeriodSeconds: 5
  groupVariations:
  - {fileID: 114398794695524515}
  - {fileID: 114624523494869986}
  - {fileID: 114882986146017876}
  - {fileID: 114248839433043565}
  - {fileID: 114861253106175525}
  bulkVariationMode: 0
  resourceClipsAllLoadAsync: 1
  logSound: 0
  copySettingsExpanded: 0
  selectedVariationIndex: 0
  childGroupMode: 0
  childSoundGroups: []
  limitMode: 0
  limitPerXFrames: 1
  minimumTimeBetween: 0.1
  useClipAgePriority: 0
  limitPolyphony: 0
  voiceLimitCount: 1
  targetDespawnedBehavior: 0
  despawnFadeTime: 1
  isSoloed: 0
  isMuted: 0
  soundPlayedEventActive: 0
  soundPlayedCustomEvent:
--- !u!1 &1652475482950209
GameObject:
  serializedVersion: 5
  m_ObjectHideFlags: 0
  m_PrefabParentObject: {fileID: 0}
  m_PrefabInternal: {fileID: 100100000}
  m_Component:
  - component: {fileID: 4435472739077541}
  - component: {fileID: 82074633026062987}
  - component: {fileID: 114398794695524515}
  - component: {fileID: 114602365063653346}
  m_Layer: 0
  m_Name: Sound1
  m_TagString: Untagged
  m_Icon: {fileID: 0}
  m_NavMeshLayer: 0
  m_StaticEditorFlags: 0
  m_IsActive: 1
--- !u!4 &4435472739077541
Transform:
  m_ObjectHideFlags: 0
  m_PrefabParentObject: {fileID: 0}
  m_PrefabInternal: {fileID: 100100000}
  m_GameObject: {fileID: 1652475482950209}
  m_LocalRotation: {x: 0, y: 0, z: 0, w: 1}
  m_LocalPosition: {x: 0, y: 0, z: 0}
  m_LocalScale: {x: 1, y: 1, z: 1}
  m_Children: []
  m_Father: {fileID: 4010204105718041}
  m_RootOrder: 0
  m_LocalEulerAnglesHint: {x: 0, y: -0, z: -0}
--- !u!82 &82074633026062987
AudioSource:
  serializedVersion: 4
  m_ObjectHideFlags: 0
  m_PrefabParentObject: {fileID: 0}
  m_PrefabInternal: {fileID: 100100000}
  m_GameObject: {fileID: 1652475482950209}
  m_Enabled: 1
  OutputAudioMixerGroup: {fileID: 0}
  m_audioClip: {fileID: 0}
  m_PlayOnAwake: 0
  m_Volume: 0.2
  m_Pitch: 1
  Loop: 0
  Mute: 0
  Spatialize: 0
  SpatializePostEffects: 0
  Priority: 128
  DopplerLevel: 1
  MinDistance: 10
  MaxDistance: 500
  Pan2D: 0
  rolloffMode: 0
  BypassEffects: 0
  BypassListenerEffects: 0
  BypassReverbZones: 0
  rolloffCustomCurve:
    serializedVersion: 2
    m_Curve:
    - serializedVersion: 2
      time: 0
      value: 1
      inSlope: 0
      outSlope: 0
      tangentMode: 0
    - serializedVersion: 2
      time: 1
      value: 0
      inSlope: 0
      outSlope: 0
      tangentMode: 0
    m_PreInfinity: 2
    m_PostInfinity: 2
    m_RotationOrder: 4
  panLevelCustomCurve:
    serializedVersion: 2
    m_Curve:
    - serializedVersion: 2
      time: 0
      value: 1
      inSlope: 0
      outSlope: 0
      tangentMode: 0
    m_PreInfinity: 2
    m_PostInfinity: 2
    m_RotationOrder: 4
  spreadCustomCurve:
    serializedVersion: 2
    m_Curve:
    - serializedVersion: 2
      time: 0
      value: 0
      inSlope: 0
      outSlope: 0
      tangentMode: 0
    m_PreInfinity: 2
    m_PostInfinity: 2
    m_RotationOrder: 4
  reverbZoneMixCustomCurve:
    serializedVersion: 2
    m_Curve:
    - serializedVersion: 2
      time: 0
      value: 1
      inSlope: 0
      outSlope: 0
      tangentMode: 0
    m_PreInfinity: 2
    m_PostInfinity: 2
    m_RotationOrder: 4
--- !u!114 &114398794695524515
MonoBehaviour:
  m_ObjectHideFlags: 0
  m_PrefabParentObject: {fileID: 0}
  m_PrefabInternal: {fileID: 100100000}
  m_GameObject: {fileID: 1652475482950209}
  m_Enabled: 1
  m_EditorHideFlags: 0
  m_Script: {fileID: 11500000, guid: 98636f92b191aa74a9c3a6fab56dd5c7, type: 3}
  m_Name:
  m_EditorClassIdentifier:
  weight: 1
  useLocalization: 0
  useRandomPitch: 0
  randomPitchMode: 0
  randomPitchMin: 0
  randomPitchMax: 0
  useRandomVolume: 0
  randomVolumeMode: 0
  randomVolumeMin: 0
  randomVolumeMax: 0
  audLocation: 0
  resourceFileName:
  internetFileUrl:
  internetFileLoadStatus: 0
  fxTailTime: 0
  original_pitch: 0
  isExpanded: 1
  isChecked: 1
  useFades: 0
  fadeInTime: 0
  fadeOutTime: 0
  useRandomStartTime: 0
  randomStartMinPercent: 0
  randomStartMaxPercent: 0
  useIntroSilence: 0
  introSilenceMin: 0
  introSilenceMax: 0
  fadeMaxVolume: 0
  curFadeMode: 0
  curDetectEndMode: 0
--- !u!114 &114602365063653346
MonoBehaviour:
  m_ObjectHideFlags: 0
  m_PrefabParentObject: {fileID: 0}
  m_PrefabInternal: {fileID: 100100000}
  m_GameObject: {fileID: 1652475482950209}
  m_Enabled: 1
  m_EditorHideFlags: 0
  m_Script: {fileID: 11500000, guid: 1b286a8952ab2a132a97b81e1bbd2dac, type: 3}
  m_Name:
  m_EditorClassIdentifier:
--- !u!1 &1691097832784935
GameObject:
  serializedVersion: 5
  m_ObjectHideFlags: 0
  m_PrefabParentObject: {fileID: 0}
  m_PrefabInternal: {fileID: 100100000}
  m_Component:
  - component: {fileID: 4060886306007277}
  - component: {fileID: 82242348369810659}
  - component: {fileID: 114624523494869986}
  - component: {fileID: 114395875923107929}
  m_Layer: 0
  m_Name: Sound2
  m_TagString: Untagged
  m_Icon: {fileID: 0}
  m_NavMeshLayer: 0
  m_StaticEditorFlags: 0
  m_IsActive: 1
--- !u!4 &4060886306007277
Transform:
  m_ObjectHideFlags: 0
  m_PrefabParentObject: {fileID: 0}
  m_PrefabInternal: {fileID: 100100000}
  m_GameObject: {fileID: 1691097832784935}
  m_LocalRotation: {x: 0, y: 0, z: 0, w: 1}
  m_LocalPosition: {x: 0, y: 0, z: 0}
  m_LocalScale: {x: 1, y: 1, z: 1}
  m_Children: []
  m_Father: {fileID: 4010204105718041}
  m_RootOrder: 1
  m_LocalEulerAnglesHint: {x: 0, y: -0, z: -0}
--- !u!82 &82242348369810659
AudioSource:
  serializedVersion: 4
  m_ObjectHideFlags: 0
  m_PrefabParentObject: {fileID: 0}
  m_PrefabInternal: {fileID: 100100000}
  m_GameObject: {fileID: 1691097832784935}
  m_Enabled: 1
  OutputAudioMixerGroup: {fileID: 0}
  m_audioClip: {fileID: 0}
  m_PlayOnAwake: 0
  m_Volume: 0.4
  m_Pitch: 1
  Loop: 0
  Mute: 0
  Spatialize: 0
  SpatializePostEffects: 0
  Priority: 128
  DopplerLevel: 1
  MinDistance: 10
  MaxDistance: 500
  Pan2D: 0
  rolloffMode: 0
  BypassEffects: 0
  BypassListenerEffects: 0
  BypassReverbZones: 0
  rolloffCustomCurve:
    serializedVersion: 2
    m_Curve:
    - serializedVersion: 2
      time: 0
      value: 1
      inSlope: 0
      outSlope: 0
      tangentMode: 0
    - serializedVersion: 2
      time: 1
      value: 0
      inSlope: 0
      outSlope: 0
      tangentMode: 0
    m_PreInfinity: 2
    m_PostInfinity: 2
    m_RotationOrder: 4
  panLevelCustomCurve:
    serializedVersion: 2
    m_Curve:
    - serializedVersion: 2
      time: 0
      value: 1
      inSlope: 0
      outSlope: 0
      tangentMode: 0
    m_PreInfinity: 2
    m_PostInfinity: 2
    m_RotationOrder: 4
  spreadCustomCurve:
    serializedVersion: 2
    m_Curve:
    - serializedVersion: 2
      time: 0
      value: 0
      inSlope: 0
      outSlope: 0
      tangentMode: 0
    m_PreInfinity: 2
    m_PostInfinity: 2
    m_RotationOrder: 4
  reverbZoneMixCustomCurve:
    serializedVersion: 2
    m_Curve:
    - serializedVersion: 2
      time: 0
      value: 1
      inSlope: 0
      outSlope: 0
      tangentMode: 0
    m_PreInfinity: 2
    m_PostInfinity: 2
    m_RotationOrder: 4
--- !u!114 &114624523494869986
MonoBehaviour:
  m_ObjectHideFlags: 0
  m_PrefabParentObject: {fileID: 0}
  m_PrefabInternal: {fileID: 100100000}
  m_GameObject: {fileID: 1691097832784935}
  m_Enabled: 1
  m_EditorHideFlags: 0
  m_Script: {fileID: 11500000, guid: 98636f92b191aa74a9c3a6fab56dd5c7, type: 3}
  m_Name:
  m_EditorClassIdentifier:
  weight: 1
  useLocalization: 0
  useRandomPitch: 0
  randomPitchMode: 0
  randomPitchMin: 0
  randomPitchMax: 0
  useRandomVolume: 0
  randomVolumeMode: 0
  randomVolumeMin: 0
  randomVolumeMax: 0
  audLocation: 0
  resourceFileName:
  internetFileUrl:
  internetFileLoadStatus: 0
  fxTailTime: 0
  original_pitch: 0
  isExpanded: 1
  isChecked: 1
  useFades: 0
  fadeInTime: 0
  fadeOutTime: 0
  useRandomStartTime: 0
  randomStartMinPercent: 0
  randomStartMaxPercent: 0
  useIntroSilence: 0
  introSilenceMin: 0
  introSilenceMax: 0
  fadeMaxVolume: 0
  curFadeMode: 0
  curDetectEndMode: 0
--- !u!114 &114395875923107929
MonoBehaviour:
  m_ObjectHideFlags: 0
  m_PrefabParentObject: {fileID: 0}
  m_PrefabInternal: {fileID: 100100000}
  m_GameObject: {fileID: 1691097832784935}
  m_Enabled: 1
  m_EditorHideFlags: 0
  m_Script: {fileID: 11500000, guid: 1b286a8952ab2a132a97b81e1bbd2dac, type: 3}
  m_Name:
  m_EditorClassIdentifier:
--- !u!1 &1229039985256699
GameObject:
  serializedVersion: 5
  m_ObjectHideFlags: 0
  m_PrefabParentObject: {fileID: 0}
  m_PrefabInternal: {fileID: 100100000}
  m_Component:
  - component: {fileID: 4801435049152777}
  - component: {fileID: 82661169107132435}
  - component: {fileID: 114882986146017876}
  - component: {fileID: 114148236093575642}
  m_Layer: 0
  m_Name: Sound3
  m_TagString: Untagged
  m_Icon: {fileID: 0}
  m_NavMeshLayer: 0
  m_StaticEditorFlags: 0
  m_IsActive: 1
--- !u!4 &4801435049152777
Transform:
  m_ObjectHideFlags: 0
  m_PrefabParentObject: {fileID: 0}
  m_PrefabInternal: {fileID: 100100000}
  m_GameObject: {fileID: 1229039985256699}
  m_LocalRotation: {x: 0, y: 0, z: 0, w: 1}
  m_LocalPosition: {x: 0, y: 0, z: 0}
  m_LocalScale: {x: 1, y: 1, z: 1}
  m_Children: []
  m_Father: {fileID: 4010204105718041}
  m_RootOrder: 2
  m_LocalEulerAnglesHint: {x: 0, y: -0, z: -0}
--- !u!82 &82661169107132435
AudioSource:
  serializedVersion: 4
  m_ObjectHideFlags: 0
  m_PrefabParentObject: {fileID: 0}
  m_PrefabInternal: {fileID: 100100000}
  m_GameObject: {fileID: 1229039985256699}
  m_Enabled: 1
  OutputAudioMixerGroup: {fileID: 0}
  m_audioClip: {fileID: 0}
  m_PlayOnAwake: 0
  m_Volume: 0.6
  m_Pitch: 1
  Loop: 0
  Mute: 0
  Spatialize: 0
  SpatializePostEffects: 0
  Priority: 128
  DopplerLevel: 1
  MinDistance: 10
  MaxDistance: 500
  Pan2D: 0
  rolloffMode: 0
  BypassEffects: 0
  BypassListenerEffects: 0
  BypassReverbZones: 0
  rolloffCustomCurve:
    serializedVersion: 2
    m_Curve:
    - serializedVersion: 2
      time: 0
      value: 1
      inSlope: 0
      outSlope: 0
      tangentMode: 0
    - serializedVersion: 2
      time: 1
      value: 0
      inSlope: 0
      outSlope: 0
      tangentMode: 0
    m_PreInfinity: 2
    m_PostInfinity: 2
    m_RotationOrder: 4
  panLevelCustomCurve:
    serializedVersion: 2
    m_Curve:
    - serializedVersion: 2
      time: 0
      value: 1
      inSlope: 0
      outSlope: 0
      tangentMode: 0
    m_PreInfinity: 2
    m_PostInfinity: 2
    m_RotationOrder: 4
  spreadCustomCurve:
    serializedVersion: 2
    m_Curve:
    - serializedVersion: 2
      time: 0
      value: 0
      inSlope: 0
      outSlope: 0
      tangentMode: 0
    m_PreInfinity: 2
    m_PostInfinity: 2
    m_RotationOrder: 4
  reverbZoneMixCustomCurve:
    serializedVersion: 2
    m_Curve:
    - serializedVersion: 2
      time: 0
      value: 1
      inSlope: 0
      outSlope: 0
      tangentMode: 0
    m_PreInfinity: 2
    m_PostInfinity: 2
    m_RotationOrder: 4
--- !u!114 &114882986146017876
MonoBehaviour:
  m_ObjectHideFlags: 0
  m_PrefabParentObject: {fileID: 0}
  m_PrefabInternal: {fileID: 100100000}
  m_GameObject: {fileID: 1229039985256699}
  m_Enabled: 1
  m_EditorHideFlags: 0
  m_Script: {fileID: 11500000, guid: 98636f92b191aa74a9c3a6fab56dd5c7, type: 3}
  m_Name:
  m_EditorClassIdentifier:
  weight: 1
  useLocalization: 0
  useRandomPitch: 0
  randomPitchMode: 0
  randomPitchMin: 0
  randomPitchMax: 0
  useRandomVolume: 0
  randomVolumeMode: 0
  randomVolumeMin: 0
  randomVolumeMax: 0
  audLocation: 0
  resourceFileName:
  internetFileUrl:
  internetFileLoadStatus: 0
  fxTailTime: 0
  original_pitch: 0
  isExpanded: 1
  isChecked: 1
  useFades: 0
  fadeInTime: 0
  fadeOutTime: 0
  useRandomStartTime: 0
  randomStartMinPercent: 0
  randomStartMaxPercent: 0
  useIntroSilence: 0
  introSilenceMin: 0
  introSilenceMax: 0
  fadeMaxVolume: 0
  curFadeMode: 0
  curDetectEndMode: 0
--- !u!114 &114148236093575642
MonoBehaviour:
  m_ObjectHideFlags: 0
  m_PrefabParentObject: {fileID: 0}
  m_PrefabInternal: {fileID: 100100000}
  m_GameObject: {fileID: 1229039985256699}
  m_Enabled: 1
  m_EditorHideFlags: 0
  m_Script: {fileID: 11500000, guid: 1b286a8952ab2a132a97b81e1bbd2dac, type: 3}
  m_Name:
  m_EditorClassIdentifier:
--- !u!1 &1776201105995773
GameObject:
  serializedVersion: 5
  m_ObjectHideFlags: 0
  m_PrefabParentObject: {fileID: 0}
  m_PrefabInternal: {fileID: 100100000}
  m_Component:
  - component: {fileID: 4886504829300395}
  - component: {fileID: 82894393159454012}
  - component: {fileID: 114248839433043565}
  - component: {fileID: 114140360689183521}
  m_Layer: 0
  m_Name: Sound4
  m_TagString: Untagged
  m_Icon: {fileID: 0}
  m_NavMeshLayer: 0
  m_StaticEditorFlags: 0
  m_IsActive: 1
--- !u!4 &4886504829300395
Transform:
  m_ObjectHideFlags: 0
  m_PrefabParentObject: {fileID: 0}
  m_PrefabInternal: {fileID: 100100000}
  m_GameObject: {fileID: 1776201105995773}
  m_LocalRotation: {x: 0, y: 0, z: 0, w: 1}
  m_LocalPosition: {x: 0, y: 0, z: 0}
  m_LocalScale: {x: 1, y: 1, z: 1}
  m_Children: []
  m_Father: {fileID: 4010204105718041}
  m_RootOrder: 3
  m_LocalEulerAnglesHint: {x: 0, y: -0, z: -0}
--- !u!82 &82894393159454012
AudioSource:
  serializedVersion: 4
  m_ObjectHideFlags: 0
  m_PrefabParentObject: {fileID: 0}
  m_PrefabInternal: {fileID: 100100000}
  m_GameObject: {fileID: 1776201105995773}
  m_Enabled: 1
  OutputAudioMixerGroup: {fileID: 0}
  m_audioClip: {fileID: 0}
  m_PlayOnAwake: 0
  m_Volume: 0.8
  m_Pitch: 1
  Loop: 0
  Mute: 0
  Spatialize: 0
  SpatializePostEffects: 0
  Priority: 128
  DopplerLevel: 1
  MinDistance: 10
  MaxDistance: 500
  Pan2D: 0
  rolloffMode: 0
  BypassEffects: 0
  BypassListenerEffects: 0
  BypassReverbZones: 0
  rolloffCustomCurve:
    serializedVersion: 2
    m_Curve:
    - serializedVersion: 2
      time: 0
      value: 1
      inSlope: 0
      outSlope: 0
      tangentMode: 0
    - serializedVersion: 2
      time: 1
      value: 0
      inSlope: 0
      outSlope: 0
      tangentMode: 0
    m_PreInfinity: 2
    m_PostInfinity: 2
    m_RotationOrder: 4
  panLevelCustomCurve:
    serializedVersion: 2
    m_Curve:
    - serializedVersion: 2
      time: 0
      value: 1
      inSlope: 0
      outSlope: 0
      tangentMode: 0
    m_PreInfinity: 2
    m_PostInfinity: 2
    m_RotationOrder: 4
  spreadCustomCurve:
    serializedVersion: 2
    m_Curve:
    - serializedVersion: 2
      time: 0
      value: 0
      inSlope: 0
      outSlope: 0
      tangentMode: 0
    m_PreInfinity: 2
    m_PostInfinity: 2
    m_RotationOrder: 4
  reverbZoneMixCustomCurve:
    serializedVersion: 2
    m_Curve:
    - serializedVersion: 2
      time: 0
      value: 1
      inSlope: 0
      outSlope: 0
      tangentMode: 0
    m_PreInfinity: 2
    m_PostInfinity: 2
    m_RotationOrder: 4
--- !u!114 &114248839433043565
MonoBehaviour:
  m_ObjectHideFlags: 0
  m_PrefabParentObject: {fileID: 0}
  m_PrefabInternal: {fileID: 100100000}
  m_GameObject: {fileID: 1776201105995773}
  m_Enabled: 1
  m_EditorHideFlags: 0
  m_Script: {fileID: 11500000, guid: 98636f92b191aa74a9c3a6fab56dd5c7, type: 3}
  m_Name:
  m_EditorClassIdentifier:
  weight: 1
  useLocalization: 0
  useRandomPitch: 0
  randomPitchMode: 0
  randomPitchMin: 0
  randomPitchMax: 0
  useRandomVolume: 0
  randomVolumeMode: 0
  randomVolumeMin: 0
  randomVolumeMax: 0
  audLocation: 0
  resourceFileName:
  internetFileUrl:
  internetFileLoadStatus: 0
  fxTailTime: 0
  original_pitch: 0
  isExpanded: 1
  isChecked: 1
  useFades: 0
  fadeInTime: 0
  fadeOutTime: 0
  useRandomStartTime: 0
  randomStartMinPercent: 0
  randomStartMaxPercent: 0
  useIntroSilence: 0
  introSilenceMin: 0
  introSilenceMax: 0
  fadeMaxVolume: 0
  curFadeMode: 0
  curDetectEndMode: 0
--- !u!114 &114140360689183521
MonoBehaviour:
  m_ObjectHideFlags: 0
  m_PrefabParentObject: {fileID: 0}
  m_PrefabInternal: {fileID: 100100000}
  m_GameObject: {fileID: 1776201105995773}
  m_Enabled: 1
  m_EditorHideFlags: 0
  m_Script: {fileID: 11500000, guid: 1b286a8952ab2a132a97b81e1bbd2dac, type: 3}
  m_Name:
  m_EditorClassIdentifier:
--- !u!1 &1360180849058448
GameObject:
  serializedVersion: 5
  m_ObjectHideFlags: 0
  m_PrefabParentObject: {fileID: 0}
  m_PrefabInternal: {fileID: 100100000}
  m_Component:
  - component: {fileID: 4821173314382927}
  - component: {fileID: 82208545749103188}
  - component: {fileID: 114861253106175525}
  - component: {fileID: 114381478562472963}
  m_Layer: 0
  m_Name: Sound5
  m_TagString: Untagged
  m_Icon: {fileID: 0}
  m_NavMeshLayer: 0
  m_StaticEditorFlags: 0
  m_IsActive: 1
--- !u!4 &4821173314382927
Transform:
  m_ObjectHideFlags: 0
  m_PrefabParentObject: {fileID: 0}
  m_PrefabInternal: {fileID: 100100000}
  m_GameObject: {fileID: 1360180849058448}
  m_LocalRotation: {x: 0, y: 0, z: 0, w: 1}
  m_LocalPosition: {x: 0, y: 0, z: 0}
  m_LocalScale: {x: 1, y: 1, z: 1}
  m_Children: []
  m_Father: {fileID: 4010204105718041}
  m_RootOrder: 4
  m_LocalEulerAnglesHint: {x: 0, y: -0, z: -0}
--- !u!82 &82208545749103188
AudioSource:
  serializedVersion: 4
  m_ObjectHideFlags: 0
  m_PrefabParentObject: {fileID: 0}
  m_PrefabInternal: {fileID: 100100000}
  m_GameObject: {fileID: 1360180849058448}
  m_Enabled: 1
  OutputAudioMixerGroup: {fileID: 0}
  m_audioClip: {fileID: 0}
  m_PlayOnAwake: 0
  m_Volume: 1
  m_Pitch: 1
  Loop: 0
  Mute: 0
  Spatialize: 0
  SpatializePostEffects: 0
  Priority: 128
  DopplerLevel: 1
  MinDistance: 10
  MaxDistance: 500
  Pan2D: 0
  rolloffMode: 0
  BypassEffects: 0
  BypassListenerEffects: 0
  BypassReverbZones: 0
  rolloffCustomCurve:
    serializedVersion: 2
    m_Curve:
    - serializedVersion: 2
      time: 0
      value: 1
      inSlope: 0
      outSlope: 0
      tangentMode: 0
    - serializedVersion: 2
      time: 1
      value: 0
      inSlope: 0
      outSlope: 0
      tangentMode: 0
    m_PreInfinity: 2
    m_PostInfinity: 2
    m_RotationOrder: 4
  panLevelCustomCurve:
    serializedVersion: 2
    m_Curve:
    - serializedVersion: 2
      time: 0
      value: 1
      inSlope: 0
      outSlope: 0
      tangentMode: 0
    m_PreInfinity: 2
    m_PostInfinity: 2
    m_RotationOrder: 4
  spreadCustomCurve:
    serializedVersion: 2
    m_Curve:
    - serializedVersion: 2
      time: 0
      value: 0
      inSlope: 0
      outSlope: 0
      tangentMode: 0
    m_PreInfinity: 2
    m_PostInfinity: 2
    m_RotationOrder: 4
  reverbZoneMixCustomCurve:
    serializedVersion: 2
    m_Curve:
    - serializedVersion: 2
      time: 0
      value: 1
      inSlope: 0
      outSlope: 0
      tangentMode: 0
    m_PreInfinity: 2
    m_PostInfinity: 2
    m_RotationOrder: 4
--- !u!114 &114861253106175525
MonoBehaviour:
  m_ObjectHideFlags: 0
  m_PrefabParentObject: {fileID: 0}
  m_PrefabInternal: {fileID: 100100000}
  m_GameObject: {fileID: 1360180849058448}
  m_Enabled: 1
  m_EditorHideFlags: 0
  m_Script: {fileID: 11500000, guid: 98636f92b191aa74a9c3a6fab56dd5c7, type: 3}
  m_Name:
  m_EditorClassIdentifier:
  weight: 1
  useLocalization: 0
  useRandomPitch: 0
  randomPitchMode: 0
  randomPitchMin: 0
  randomPitchMax: 0
  useRandomVolume: 0
  randomVolumeMode: 0
  randomVolumeMin: 0
  randomVolumeMax: 0
  audLocation: 0
  resourceFileName:
  internetFileUrl:
  internetFileLoadStatus: 0
  fxTailTime: 0
  original_pitch: 0
  isExpanded: 1
  isChecked: 1
  useFades: 0
  fadeInTime: 0
  fadeOutTime: 0
  useRandomStartTime: 0
  randomStartMinPercent: 0
  randomStartMaxPercent: 0
  useIntroSilence: 0
  introSilenceMin: 0
  introSilenceMax: 0
  fadeMaxVolume: 0
  curFadeMode: 0
  curDetectEndMode: 0
--- !u!114 &114381478562472963
MonoBehaviour:
  m_ObjectHideFlags: 0
  m_PrefabParentObject: {fileID: 0}
  m_PrefabInternal: {fileID: 100100000}
  m_GameObject: {fileID: 1360180849058448}
  m_Enabled: 1
  m_EditorHideFlags: 0
  m_Script: {fileID: 11500000, guid: 1b286a8952ab2a132a97b81e1bbd2dac, type: 3}
  m_Name:
  m_EditorClassIdentifier:
