%YAML 1.1
%TAG !u! tag:unity3d.com,2011:
--- !u!1001 &100100000
Prefab:
  serializedVersion: 2
  m_ObjectHideFlags: 0
  m_Modification:
    m_TransformParent: {fileID: 0}
    m_Modifications: []
    m_RemovedComponents: []
  m_ParentPrefab: {fileID: 0}
  m_RootGameObject: {fileID: 1209445212367946}
  m_IsPrefabParent: 1
--- !u!1 &1209445212367946
GameObject:
  serializedVersion: 5
  m_ObjectHideFlags: 0
  m_PrefabParentObject: {fileID: 0}
  m_PrefabInternal: {fileID: 100100000}
  m_Component:
  - component: {fileID: 4935494808329579}
  - component: {fileID: 54682035318216978}
  - component: {fileID: 135967498429448032}
  - component: {fileID: 75972480697211284}
  - component: {fileID: 153407511738467506}
  - component: {fileID: 145284200108034857}
  - component: {fileID: 114061821577349334}
  - component: {fileID: 114131256138273446}
  m_Layer: 8
  m_Name: Sled
  m_TagString: Untagged
  m_Icon: {fileID: 0}
  m_NavMeshLayer: 0
  m_StaticEditorFlags: 0
  m_IsActive: 1
--- !u!4 &4935494808329579
Transform:
  m_ObjectHideFlags: 0
  m_PrefabParentObject: {fileID: 0}
  m_PrefabInternal: {fileID: 100100000}
  m_GameObject: {fileID: 1209445212367946}
  m_LocalRotation: {x: 0, y: 0, z: 0, w: 1}
  m_LocalPosition: {x: 0, y: 0, z: 0}
  m_LocalScale: {x: 1, y: 1, z: 1}
  m_Children:
  - {fileID: 4638165207320118}
  - {fileID: 4912733299844410}
  m_Father: {fileID: 0}
  m_RootOrder: 0
  m_LocalEulerAnglesHint: {x: 0, y: -0, z: -0}
--- !u!54 &54682035318216978
Rigidbody:
  serializedVersion: 2
  m_ObjectHideFlags: 0
  m_PrefabParentObject: {fileID: 0}
  m_PrefabInternal: {fileID: 100100000}
  m_GameObject: {fileID: 1209445212367946}
  m_Mass: 1
  m_Drag: 10
  m_AngularDrag: 5
  m_UseGravity: 0
  m_IsKinematic: 0
  m_Interpolate: 0
  m_Constraints: 0
  m_CollisionDetection: 0
--- !u!135 &135967498429448032
SphereCollider:
  serializedVersion: 2
  m_ObjectHideFlags: 0
  m_PrefabParentObject: {fileID: 0}
  m_PrefabInternal: {fileID: 100100000}
  m_GameObject: {fileID: 1209445212367946}
  m_Material: {fileID: 0}
  m_IsTrigger: 0
  m_Enabled: 1
  m_Radius: 1.5
  m_Center: {x: 0, y: 3.7, z: 0}
--- !u!75 &75972480697211284
ConstantForce:
  m_ObjectHideFlags: 0
  m_PrefabParentObject: {fileID: 0}
  m_PrefabInternal: {fileID: 100100000}
  m_GameObject: {fileID: 1209445212367946}
  m_Enabled: 1
  m_Force: {x: 0, y: 0, z: 0}
  m_RelativeForce: {x: 0, y: 0, z: 0}
  m_Torque: {x: 0, y: 0, z: 0}
  m_RelativeTorque: {x: 0, y: 0, z: 0}
--- !u!153 &153407511738467506
ConfigurableJoint:
  serializedVersion: 2
  m_ObjectHideFlags: 0
  m_PrefabParentObject: {fileID: 0}
  m_PrefabInternal: {fileID: 100100000}
  m_GameObject: {fileID: 1209445212367946}
  m_ConnectedBody: {fileID: 0}
  m_Anchor: {x: 0, y: 1.8, z: 0}
  m_Axis: {x: 1, y: 0, z: 0}
  m_AutoConfigureConnectedAnchor: 1
  m_ConnectedAnchor: {x: 0, y: 1.8, z: 0}
  m_SecondaryAxis: {x: 0, y: 1, z: 0}
  m_XMotion: 0
  m_YMotion: 0
  m_ZMotion: 0
  m_AngularXMotion: 0
  m_AngularYMotion: 2
  m_AngularZMotion: 0
  m_LinearLimitSpring:
    spring: 0
    damper: 0
  m_LinearLimit:
    limit: 0
    bounciness: 0
    contactDistance: 0
  m_AngularXLimitSpring:
    spring: 5000
    damper: 1000
  m_LowAngularXLimit:
    limit: -10
    bounciness: 0
    contactDistance: 0
  m_HighAngularXLimit:
    limit: 5
    bounciness: 0
    contactDistance: 0
  m_AngularYZLimitSpring:
    spring: 5000
    damper: 1000
  m_AngularYLimit:
    limit: 0
    bounciness: 0
    contactDistance: 0
  m_AngularZLimit:
    limit: 13
    bounciness: 0
    contactDistance: 0
  m_TargetPosition: {x: 0, y: 0, z: 0}
  m_TargetVelocity: {x: 0, y: 0, z: 0}
  m_XDrive:
    serializedVersion: 3
    positionSpring: 0
    positionDamper: 0
    maximumForce: 3.4028233E+38
  m_YDrive:
    serializedVersion: 3
    positionSpring: 0
    positionDamper: 0
    maximumForce: 3.4028233E+38
  m_ZDrive:
    serializedVersion: 3
    positionSpring: 0
    positionDamper: 0
    maximumForce: 3.4028233E+38
  m_TargetRotation: {x: 0, y: 0, z: 0, w: 1}
  m_TargetAngularVelocity: {x: 0, y: 0, z: 0}
  m_RotationDriveMode: 1
  m_AngularXDrive:
    serializedVersion: 3
    positionSpring: 0
    positionDamper: 0
    maximumForce: 0
  m_AngularYZDrive:
    serializedVersion: 3
    positionSpring: 0
    positionDamper: 0
    maximumForce: 0
  m_SlerpDrive:
    serializedVersion: 3
    positionSpring: 500
    positionDamper: 10
    maximumForce: 50000
  m_ProjectionMode: 0
  m_ProjectionDistance: 0.1
  m_ProjectionAngle: 180
  m_ConfiguredInWorldSpace: 0
  m_SwapBodies: 0
  m_BreakForce: Infinity
  m_BreakTorque: Infinity
  m_EnableCollision: 0
  m_EnablePreprocessing: 1
--- !u!145 &145284200108034857
SpringJoint:
  serializedVersion: 2
  m_ObjectHideFlags: 0
  m_PrefabParentObject: {fileID: 0}
  m_PrefabInternal: {fileID: 100100000}
  m_GameObject: {fileID: 1209445212367946}
  m_ConnectedBody: {fileID: 0}
  m_Anchor: {x: 0, y: 4.93, z: 0}
  m_AutoConfigureConnectedAnchor: 1
  m_ConnectedAnchor: {x: 0, y: 4.93, z: 0}
  m_Spring: 200
  m_Damper: 15
  m_MinDistance: 0.3
  m_MaxDistance: 0
  m_Tolerance: 0.025
  m_BreakForce: Infinity
  m_BreakTorque: Infinity
  m_EnableCollision: 0
  m_EnablePreprocessing: 1
--- !u!114 &114061821577349334
MonoBehaviour:
  m_ObjectHideFlags: 0
  m_PrefabParentObject: {fileID: 0}
  m_PrefabInternal: {fileID: 100100000}
  m_GameObject: {fileID: 1209445212367946}
  m_Enabled: 1
  m_EditorHideFlags: 0
  m_Script: {fileID: 11500000, guid: 519636138da1f93dacb68edc8dd0f672, type: 3}
  m_Name:
  m_EditorClassIdentifier:
  m_minSpeedBeforeTorque: 0
  m_minTorque: 0
  m_maxTorque: 0
  m_maxSpeedForTorque: 20
  m_driveMaxVel: 20
  m_driveMinForce: 2000
  m_driveMaxForce: 2000
  m_reverse: 1
  m_maxRotAngle: 55
  m_maxSpeedForRot: 100
  m_rotSmoothTime: 0
  m_replacements:
  - {fileID: 1326087555034958, guid: 6a5bea4c7009dbc48afa98b3206a9e72, type: 2}
  - {fileID: 1578219877978377, guid: 17788a6e7ac69e04aa5b7d43a7090131, type: 2}
  - {fileID: 1463239634013290, guid: d6c61480c133b154994b1e32b36b410e, type: 2}
  - {fileID: 1785819805165527, guid: d0447e4e7a5e5784ea84734ed14d0912, type: 2}
  - {fileID: 1042603570975996, guid: 307f145f072a04542b82baadfa48302e, type: 2}
  - {fileID: 1062965570442995, guid: ad116e4d3bca23547829fce284a1940c, type: 2}
  - {fileID: 1941737061194073, guid: 38d4037a641597342866a3ab06136798, type: 2}
  - {fileID: 1812294126505140, guid: 39282d36971e75d46ab7925c35d38d99, type: 2}
  - {fileID: 1227052786976090, guid: 845c0c2598d43a443af43144af75a59b, type: 2}
  - {fileID: 1279452945090143, guid: fff500a20be755545880330201ad04c1, type: 2}
  - {fileID: 1021153744820749, guid: 3547c2b33a446a943aec73bcef351ffd, type: 2}
  - {fileID: 1505154243865503, guid: 4b9a81148744c364d91852fb854956de, type: 2}
  - {fileID: 1882301636675492, guid: 997bc25a6caee6a459fef69c57e7c109, type: 2}
  - {fileID: 1437564208204769, guid: bfc990215f2c4094598a4d38a31b178f, type: 2}
  m_replacementsValues:
  - {fileID: 1936119146642594, guid: 68fbbd83ffe7fc6489a724eca2656198, type: 2}
  - {fileID: 1869895930271503, guid: ed14dea1c8f31c04599f51b21a19c2e0, type: 2}
  - {fileID: 1882628764015933, guid: 4e21d957e90573147a03041fbf5679ef, type: 2}
  - {fileID: 1020938178410950, guid: 22e81d7ae5477b84fa7b8bf2fbd41842, type: 2}
  - {fileID: 1913497807321419, guid: bfce0c5236ade1f4e8239ee3345a7922, type: 2}
  - {fileID: 1890503062155287, guid: 840ef27a3aaa7e54aabcf984cc59f16e, type: 2}
  - {fileID: 1018237980624905, guid: 853f419190548784b91bf385c665249a, type: 2}
  - {fileID: 1436639030996342, guid: 70f7f58653453c145ac12bb306bc3380, type: 2}
  - {fileID: 1178378229742770, guid: 9093ba95890e1ca4aac1a2e4a2728b11, type: 2}
  - {fileID: 1018237980624905, guid: 853f419190548784b91bf385c665249a, type: 2}
  - {fileID: 1436639030996342, guid: 70f7f58653453c145ac12bb306bc3380, type: 2}
  - {fileID: 1178378229742770, guid: 9093ba95890e1ca4aac1a2e4a2728b11, type: 2}
  - {fileID: 1273965135091522, guid: 08c81fda3b08ae54aab09c30cd4127ca, type: 2}
  - {fileID: 1347934032921324, guid: d918e26c12540f14980ba12b5121f054, type: 2}
  m_materialReplacements: []
  m_materialReplacementsValues: []
  m_hexMaterialReplacements: []
  m_hexMaterialReplacementsValues:
  - {fileID: 2100000, guid: d825f9ee23242914ca67ff213ff43889, type: 2}
  - {fileID: 2100000, guid: d825f9ee23242914ca67ff213ff43889, type: 2}
  m_setPieceReplacements: []
  m_setPieceReplacementsValues: []
  m_tilesetOverrides:
  - m_ignoreMe:
    m_toReplace: {fileID: 114300072187315270, guid: ea2cec18a4461e442be4c81eed9f51da, type: 2}
    m_replacement: {fileID: 114635890511185578, guid: 36bfeaf1f22c9fe4b9eed5bf4ccf635d, type: 2}
    m_chance: 1
  - m_ignoreMe:
    m_toReplace: {fileID: 114524567178287258, guid: f83f3d1e1d9d45c479bad1762fde8a57, type: 2}
    m_replacement: {fileID: 114635890511185578, guid: 36bfeaf1f22c9fe4b9eed5bf4ccf635d, type: 2}
    m_chance: 1
  - m_ignoreMe:
    m_toReplace: {fileID: 114224042674438150, guid: c93741dd16afa864c868d46a513c76b8, type: 2}
    m_replacement: {fileID: 114635890511185578, guid: 36bfeaf1f22c9fe4b9eed5bf4ccf635d, type: 2}
    m_chance: 1
  - m_ignoreMe:
    m_toReplace: {fileID: 114884192682730392, guid: ce1382d5ea760514ca154e24be1e8db9, type: 2}
    m_replacement: {fileID: 114635890511185578, guid: 36bfeaf1f22c9fe4b9eed5bf4ccf635d, type: 2}
    m_chance: 1
  - m_ignoreMe:
    m_toReplace: {fileID: 114605634674460928, guid: 89ce73cc5ef6f65448122feea147d1e4, type: 2}
    m_replacement: {fileID: 114635890511185578, guid: 36bfeaf1f22c9fe4b9eed5bf4ccf635d, type: 2}
    m_chance: 1
  - m_ignoreMe:
    m_toReplace: {fileID: 114761474039045212, guid: 477b6d52a5128754a8bd7ef64aeb925a, type: 2}
    m_replacement: {fileID: 114635890511185578, guid: 36bfeaf1f22c9fe4b9eed5bf4ccf635d, type: 2}
    m_chance: 1
  - m_ignoreMe:
    m_toReplace: {fileID: 114627100066418011, guid: a8f2c94b521c1a248a929c1ad5150fa8, type: 2}
    m_replacement: {fileID: 114635890511185578, guid: 36bfeaf1f22c9fe4b9eed5bf4ccf635d, type: 2}
    m_chance: 1
  - m_ignoreMe:
    m_toReplace: {fileID: 114805291940873312, guid: 453a8de68035e664697757ab875a6d37, type: 2}
    m_replacement: {fileID: 114635890511185578, guid: 36bfeaf1f22c9fe4b9eed5bf4ccf635d, type: 2}
    m_chance: 1
  - m_ignoreMe:
    m_toReplace: {fileID: 114514422554322154, guid: 4f2c8e8c6530be74c9407db389a347fb, type: 2}
    m_replacement: {fileID: 114635890511185578, guid: 36bfeaf1f22c9fe4b9eed5bf4ccf635d, type: 2}
    m_chance: 1
  m_customUIPrefab: {fileID: 0}
  m_additions: []
  m_additionsValues: []
  m_colorize:
  - {fileID: 2100000, guid: bdea071064f662e4c85f25d5099eb782, type: 2}
  - {fileID: 2100000, guid: 9721e9449f8630b42a47c6fa1241b072, type: 2}
  - {fileID: 2100000, guid: 2d288982ec7b347499ec33f933e3a112, type: 2}
  - {fileID: 2100000, guid: 618baa8eb7cac2d40a5fe0978bc86818, type: 2}
  - {fileID: 2100000, guid: a89160079cfd3dd48af263e8fe2a7c90, type: 2}
  - {fileID: 2100000, guid: d3fd868fd440b7b4ca75da7c707bfb01, type: 2}
  m_colorizeValues:
  - {r: 0.31617647, g: 0.60385376, b: 1, a: 1}
  - {r: 0, g: 0.84584165, b: 0.88235295, a: 1}
  - {r: 0, g: 0.7931037, b: 1, a: 1}
  - {r: 1, g: 0, b: 0, a: 1}
  - {r: 0.25735295, g: 0.87707907, b: 1, a: 1}
  - {r: 0.875, g: 0.875, b: 0.875, a: 1}
  m_customShaderKeyword: _MONOCHROME
  m_monochromeBlack: {r: 0.064338244, g: 0.43891993, b: 0.875, a: 1}
  m_monochromeWhite: {r: 1, g: 1, b: 1, a: 1}
  m_monochromeScale: 0.2
  m_skyboxTexture: {fileID: 2800000, guid: 30550d20909242c45b712b588b5aa0fe, type: 3}
  m_goldMaterial: {fileID: 0}
  m_onLoad:
    m_PersistentCalls:
      m_Calls: []
    m_TypeName: UnityEngine.Events.UnityEvent, UnityEngine, Version=0.0.0.0, Culture=neutral, PublicKeyToken=null
  m_onUnload:
    m_PersistentCalls:
      m_Calls: []
    m_TypeName: UnityEngine.Events.UnityEvent, UnityEngine, Version=0.0.0.0, Culture=neutral, PublicKeyToken=null
--- !u!114 &114131256138273446
MonoBehaviour:
  m_ObjectHideFlags: 0
  m_PrefabParentObject: {fileID: 0}
  m_PrefabInternal: {fileID: 100100000}
  m_GameObject: {fileID: 1209445212367946}
  m_Enabled: 1
  m_EditorHideFlags: 0
  m_Script: {fileID: 11500000, guid: f3700d0da111cce8685dbbf79aa8cf16, type: 3}
  m_Name:
  m_EditorClassIdentifier:
  m_position: {x: 0, y: 0, z: 0}
--- !u!1 &1244262722345212
GameObject:
  serializedVersion: 5
  m_ObjectHideFlags: 0
  m_PrefabParentObject: {fileID: 0}
  m_PrefabInternal: {fileID: 100100000}
  m_Component:
  - component: {fileID: 4638165207320118}
  - component: {fileID: 33227541229444117}
  - component: {fileID: 23093222302325346}
  m_Layer: 8
  m_Name: Player
  m_TagString: Untagged
  m_Icon: {fileID: 0}
  m_NavMeshLayer: 0
  m_StaticEditorFlags: 0
  m_IsActive: 1
--- !u!4 &4638165207320118
Transform:
  m_ObjectHideFlags: 0
  m_PrefabParentObject: {fileID: 0}
  m_PrefabInternal: {fileID: 100100000}
  m_GameObject: {fileID: 1244262722345212}
  m_LocalRotation: {x: 0, y: 0, z: 0, w: 1}
  m_LocalPosition: {x: 0, y: 0.59, z: 0}
  m_LocalScale: {x: 0.8, y: 0.8, z: 0.8}
  m_Children: []
  m_Father: {fileID: 4935494808329579}
  m_RootOrder: 0
  m_LocalEulerAnglesHint: {x: 0, y: -0, z: -0}
--- !u!33 &33227541229444117
MeshFilter:
  m_ObjectHideFlags: 0
  m_PrefabParentObject: {fileID: 0}
  m_PrefabInternal: {fileID: 100100000}
  m_GameObject: {fileID: 1244262722345212}
  m_Mesh: {fileID: 4300000, guid: b31b75323452c2349a766cffd1047bb3, type: 2}
--- !u!23 &23093222302325346
MeshRenderer:
  m_ObjectHideFlags: 0
  m_PrefabParentObject: {fileID: 0}
  m_PrefabInternal: {fileID: 100100000}
  m_GameObject: {fileID: 1244262722345212}
  m_Enabled: 1
  m_CastShadows: 1
  m_ReceiveShadows: 1
  m_MotionVectors: 1
  m_LightProbeUsage: 1
  m_ReflectionProbeUsage: 1
  m_Materials:
  - {fileID: 2100000, guid: 28a39822a374ff7489db8545658ffac7, type: 2}
  m_StaticBatchInfo:
    firstSubMesh: 0
    subMeshCount: 0
  m_StaticBatchRoot: {fileID: 0}
  m_ProbeAnchor: {fileID: 0}
  m_LightProbeVolumeOverride: {fileID: 0}
  m_ScaleInLightmap: 1
  m_PreserveUVs: 0
  m_IgnoreNormalsForChartDetection: 0
  m_ImportantGI: 0
  m_SelectedEditorRenderState: 3
  m_MinimumChartSize: 4
  m_AutoUVMaxDistance: 0.5
  m_AutoUVMaxAngle: 89
  m_LightmapParameters: {fileID: 0}
  m_SortingLayerID: 0
  m_SortingLayer: 0
  m_SortingOrder: 0
--- !u!1 &1375081708409804
GameObject:
  serializedVersion: 5
  m_ObjectHideFlags: 0
  m_PrefabParentObject: {fileID: 0}
  m_PrefabInternal: {fileID: 100100000}
  m_Component:
  - component: {fileID: 4912733299844410}
  - component: {fileID: 33071146565591256}
  - component: {fileID: 23058069622281543}
  - component: {fileID: 54635560118728237}
  - component: {fileID: 59354735336792955}
  - component: {fileID: 114698189062228433}
  m_Layer: 8
  m_Name: Body
  m_TagString: Untagged
  m_Icon: {fileID: 0}
  m_NavMeshLayer: 0
  m_StaticEditorFlags: 0
  m_IsActive: 1
--- !u!4 &4912733299844410
Transform:
  m_ObjectHideFlags: 0
  m_PrefabParentObject: {fileID: 0}
  m_PrefabInternal: {fileID: 100100000}
  m_GameObject: {fileID: 1375081708409804}
  m_LocalRotation: {x: 0, y: 0, z: 0, w: 1}
  m_LocalPosition: {x: 0, y: 1.57, z: 0.16}
  m_LocalScale: {x: 0.8, y: 0.8, z: 0.8}
  m_Children:
  - {fileID: 4011809514807302}
  - {fileID: 4145023259700235}
  - {fileID: 4142552020877767}
  m_Father: {fileID: 4935494808329579}
  m_RootOrder: 1
  m_LocalEulerAnglesHint: {x: 0, y: -0, z: -0}
--- !u!33 &33071146565591256
MeshFilter:
  m_ObjectHideFlags: 0
  m_PrefabParentObject: {fileID: 0}
  m_PrefabInternal: {fileID: 100100000}
  m_GameObject: {fileID: 1375081708409804}
  m_Mesh: {fileID: 4300000, guid: 33b9951850a51084bbd1823a400e7da6, type: 2}
--- !u!23 &23058069622281543
MeshRenderer:
  m_ObjectHideFlags: 0
  m_PrefabParentObject: {fileID: 0}
  m_PrefabInternal: {fileID: 100100000}
  m_GameObject: {fileID: 1375081708409804}
  m_Enabled: 1
  m_CastShadows: 1
  m_ReceiveShadows: 1
  m_MotionVectors: 1
  m_LightProbeUsage: 1
  m_ReflectionProbeUsage: 1
  m_Materials:
  - {fileID: 2100000, guid: 28a39822a374ff7489db8545658ffac7, type: 2}
  m_StaticBatchInfo:
    firstSubMesh: 0
    subMeshCount: 0
  m_StaticBatchRoot: {fileID: 0}
  m_ProbeAnchor: {fileID: 0}
  m_LightProbeVolumeOverride: {fileID: 0}
  m_ScaleInLightmap: 1
  m_PreserveUVs: 0
  m_IgnoreNormalsForChartDetection: 0
  m_ImportantGI: 0
  m_SelectedEditorRenderState: 3
  m_MinimumChartSize: 4
  m_AutoUVMaxDistance: 0.5
  m_AutoUVMaxAngle: 89
  m_LightmapParameters: {fileID: 0}
  m_SortingLayerID: 0
  m_SortingLayer: 0
  m_SortingOrder: 0
--- !u!54 &54635560118728237
Rigidbody:
  serializedVersion: 2
  m_ObjectHideFlags: 0
  m_PrefabParentObject: {fileID: 0}
  m_PrefabInternal: {fileID: 100100000}
  m_GameObject: {fileID: 1375081708409804}
  m_Mass: 0.001
  m_Drag: 1
  m_AngularDrag: 1
  m_UseGravity: 1
  m_IsKinematic: 0
  m_Interpolate: 0
  m_Constraints: 0
  m_CollisionDetection: 0
--- !u!59 &59354735336792955
HingeJoint:
  m_ObjectHideFlags: 0
  m_PrefabParentObject: {fileID: 0}
  m_PrefabInternal: {fileID: 100100000}
  m_GameObject: {fileID: 1375081708409804}
  m_ConnectedBody: {fileID: 54682035318216978}
  m_Anchor: {x: 0, y: 2.498834, z: 0}
  m_Axis: {x: 0, y: 1, z: 0}
  m_AutoConfigureConnectedAnchor: 1
  m_ConnectedAnchor: {x: 0, y: 3.5690672, z: 0.16}
  m_UseSpring: 1
  m_Spring:
    spring: 5
    damper: 2
    targetPosition: 0
  m_UseMotor: 0
  m_Motor:
    targetVelocity: 0
    force: 0
    freeSpin: 0
  m_UseLimits: 1
  m_Limits:
    min: -25
    max: 25
    bounciness: 0
    bounceMinVelocity: 0.2
    contactDistance: 0
  m_BreakForce: Infinity
  m_BreakTorque: Infinity
  m_EnableCollision: 0
  m_EnablePreprocessing: 1
--- !u!114 &114698189062228433
MonoBehaviour:
  m_ObjectHideFlags: 0
  m_PrefabParentObject: {fileID: 0}
  m_PrefabInternal: {fileID: 100100000}
  m_GameObject: {fileID: 1375081708409804}
  m_Enabled: 1
  m_EditorHideFlags: 0
  m_Script: {fileID: 11500000, guid: f3700d0da111cce8685dbbf79aa8cf16, type: 3}
  m_Name:
  m_EditorClassIdentifier:
  m_position: {x: 0, y: 0, z: 1.41}
--- !u!1 &1672280295246740
GameObject:
  serializedVersion: 5
  m_ObjectHideFlags: 0
  m_PrefabParentObject: {fileID: 0}
  m_PrefabInternal: {fileID: 100100000}
  m_Component:
  - component: {fileID: 4011809514807302}
  - component: {fileID: 33807561866081246}
  - component: {fileID: 23003496805192539}
  - component: {fileID: 54466229222541459}
  - component: {fileID: 59008439338790846}
  - component: {fileID: 114290273071327481}
  m_Layer: 8
  m_Name: Leg
  m_TagString: Untagged
  m_Icon: {fileID: 0}
  m_NavMeshLayer: 0
  m_StaticEditorFlags: 0
  m_IsActive: 1
--- !u!4 &4011809514807302
Transform:
  m_ObjectHideFlags: 0
  m_PrefabParentObject: {fileID: 0}
  m_PrefabInternal: {fileID: 100100000}
  m_GameObject: {fileID: 1672280295246740}
  m_LocalRotation: {x: 0, y: 0, z: 0, w: 1}
  m_LocalPosition: {x: 0.48, y: 1.06, z: 1.21}
  m_LocalScale: {x: 1, y: 1, z: 1}
  m_Children: []
  m_Father: {fileID: 4912733299844410}
  m_RootOrder: 0
  m_LocalEulerAnglesHint: {x: 0, y: -0, z: -0}
--- !u!33 &33807561866081246
MeshFilter:
  m_ObjectHideFlags: 0
  m_PrefabParentObject: {fileID: 0}
  m_PrefabInternal: {fileID: 100100000}
  m_GameObject: {fileID: 1672280295246740}
  m_Mesh: {fileID: 4300000, guid: 27c71297fcacbb840b6859a7abbf2cd9, type: 2}
--- !u!23 &23003496805192539
MeshRenderer:
  m_ObjectHideFlags: 0
  m_PrefabParentObject: {fileID: 0}
  m_PrefabInternal: {fileID: 100100000}
  m_GameObject: {fileID: 1672280295246740}
  m_Enabled: 1
  m_CastShadows: 1
  m_ReceiveShadows: 1
  m_MotionVectors: 1
  m_LightProbeUsage: 1
  m_ReflectionProbeUsage: 1
  m_Materials:
  - {fileID: 2100000, guid: 28a39822a374ff7489db8545658ffac7, type: 2}
  m_StaticBatchInfo:
    firstSubMesh: 0
    subMeshCount: 0
  m_StaticBatchRoot: {fileID: 0}
  m_ProbeAnchor: {fileID: 0}
  m_LightProbeVolumeOverride: {fileID: 0}
  m_ScaleInLightmap: 1
  m_PreserveUVs: 0
  m_IgnoreNormalsForChartDetection: 0
  m_ImportantGI: 0
  m_SelectedEditorRenderState: 3
  m_MinimumChartSize: 4
  m_AutoUVMaxDistance: 0.5
  m_AutoUVMaxAngle: 89
  m_LightmapParameters: {fileID: 0}
  m_SortingLayerID: 0
  m_SortingLayer: 0
  m_SortingOrder: 0
--- !u!54 &54466229222541459
Rigidbody:
  serializedVersion: 2
  m_ObjectHideFlags: 0
  m_PrefabParentObject: {fileID: 0}
  m_PrefabInternal: {fileID: 100100000}
  m_GameObject: {fileID: 1672280295246740}
  m_Mass: 0.001
  m_Drag: 1
  m_AngularDrag: 1
  m_UseGravity: 1
  m_IsKinematic: 0
  m_Interpolate: 0
  m_Constraints: 0
  m_CollisionDetection: 0
--- !u!59 &59008439338790846
HingeJoint:
  m_ObjectHideFlags: 0
  m_PrefabParentObject: {fileID: 0}
  m_PrefabInternal: {fileID: 100100000}
  m_GameObject: {fileID: 1672280295246740}
  m_ConnectedBody: {fileID: 54635560118728237}
  m_Anchor: {x: 0, y: 2.498834, z: 0}
  m_Axis: {x: 0, y: 1, z: 0}
  m_AutoConfigureConnectedAnchor: 1
  m_ConnectedAnchor: {x: 0.48000002, y: 3.5588336, z: 1.21}
  m_UseSpring: 1
  m_Spring:
    spring: 5
    damper: 2
    targetPosition: 0
  m_UseMotor: 0
  m_Motor:
    targetVelocity: 0
    force: 0
    freeSpin: 0
  m_UseLimits: 1
  m_Limits:
    min: -30
    max: 30
    bounciness: 0
    bounceMinVelocity: 0.2
    contactDistance: 0
  m_BreakForce: Infinity
  m_BreakTorque: Infinity
  m_EnableCollision: 0
  m_EnablePreprocessing: 1
--- !u!114 &114290273071327481
MonoBehaviour:
  m_ObjectHideFlags: 0
  m_PrefabParentObject: {fileID: 0}
  m_PrefabInternal: {fileID: 100100000}
  m_GameObject: {fileID: 1672280295246740}
  m_Enabled: 1
  m_EditorHideFlags: 0
  m_Script: {fileID: 11500000, guid: f3700d0da111cce8685dbbf79aa8cf16, type: 3}
  m_Name:
  m_EditorClassIdentifier:
  m_position: {x: 0, y: 0, z: 2.63}
--- !u!1 &1955341337972041
GameObject:
  serializedVersion: 5
  m_ObjectHideFlags: 0
  m_PrefabParentObject: {fileID: 0}
  m_PrefabInternal: {fileID: 100100000}
  m_Component:
  - component: {fileID: 4145023259700235}
  - component: {fileID: 33822963256191981}
  - component: {fileID: 23941499484848375}
  - component: {fileID: 54061997332399733}
  - component: {fileID: 59648995271379790}
  - component: {fileID: 114356680263920948}
  m_Layer: 8
  m_Name: Leg (1)
  m_TagString: Untagged
  m_Icon: {fileID: 0}
  m_NavMeshLayer: 0
  m_StaticEditorFlags: 0
  m_IsActive: 1
--- !u!4 &4145023259700235
Transform:
  m_ObjectHideFlags: 0
  m_PrefabParentObject: {fileID: 0}
  m_PrefabInternal: {fileID: 100100000}
  m_GameObject: {fileID: 1955341337972041}
  m_LocalRotation: {x: 0, y: 0, z: 0, w: 1}
  m_LocalPosition: {x: -0.51, y: 1.0600001, z: 1.18}
  m_LocalScale: {x: 1, y: 1, z: 1}
  m_Children: []
  m_Father: {fileID: 4912733299844410}
  m_RootOrder: 1
  m_LocalEulerAnglesHint: {x: 0, y: -0, z: -0}
--- !u!33 &33822963256191981
MeshFilter:
  m_ObjectHideFlags: 0
  m_PrefabParentObject: {fileID: 0}
  m_PrefabInternal: {fileID: 100100000}
  m_GameObject: {fileID: 1955341337972041}
  m_Mesh: {fileID: 4300000, guid: e95caf820ae57ee4ea21f9709cc4bfb0, type: 2}
--- !u!23 &23941499484848375
MeshRenderer:
  m_ObjectHideFlags: 0
  m_PrefabParentObject: {fileID: 0}
  m_PrefabInternal: {fileID: 100100000}
  m_GameObject: {fileID: 1955341337972041}
  m_Enabled: 1
  m_CastShadows: 1
  m_ReceiveShadows: 1
  m_MotionVectors: 1
  m_LightProbeUsage: 1
  m_ReflectionProbeUsage: 1
  m_Materials:
  - {fileID: 2100000, guid: 28a39822a374ff7489db8545658ffac7, type: 2}
  m_StaticBatchInfo:
    firstSubMesh: 0
    subMeshCount: 0
  m_StaticBatchRoot: {fileID: 0}
  m_ProbeAnchor: {fileID: 0}
  m_LightProbeVolumeOverride: {fileID: 0}
  m_ScaleInLightmap: 1
  m_PreserveUVs: 0
  m_IgnoreNormalsForChartDetection: 0
  m_ImportantGI: 0
  m_SelectedEditorRenderState: 3
  m_MinimumChartSize: 4
  m_AutoUVMaxDistance: 0.5
  m_AutoUVMaxAngle: 89
  m_LightmapParameters: {fileID: 0}
  m_SortingLayerID: 0
  m_SortingLayer: 0
  m_SortingOrder: 0
--- !u!54 &54061997332399733
Rigidbody:
  serializedVersion: 2
  m_ObjectHideFlags: 0
  m_PrefabParentObject: {fileID: 0}
  m_PrefabInternal: {fileID: 100100000}
  m_GameObject: {fileID: 1955341337972041}
  m_Mass: 0.001
  m_Drag: 1
  m_AngularDrag: 1
  m_UseGravity: 1
  m_IsKinematic: 0
  m_Interpolate: 0
  m_Constraints: 0
  m_CollisionDetection: 0
--- !u!59 &59648995271379790
HingeJoint:
  m_ObjectHideFlags: 0
  m_PrefabParentObject: {fileID: 0}
  m_PrefabInternal: {fileID: 100100000}
  m_GameObject: {fileID: 1955341337972041}
  m_ConnectedBody: {fileID: 54635560118728237}
  m_Anchor: {x: 0, y: 2.498834, z: 0}
  m_Axis: {x: 0, y: 1, z: 0}
  m_AutoConfigureConnectedAnchor: 1
  m_ConnectedAnchor: {x: -0.51, y: 3.558834, z: 1.1800001}
  m_UseSpring: 1
  m_Spring:
    spring: 5
    damper: 2
    targetPosition: 0
  m_UseMotor: 0
  m_Motor:
    targetVelocity: 0
    force: 0
    freeSpin: 0
  m_UseLimits: 1
  m_Limits:
    min: -35
    max: 35
    bounciness: 0
    bounceMinVelocity: 0.2
    contactDistance: 0
  m_BreakForce: Infinity
  m_BreakTorque: Infinity
  m_EnableCollision: 0
  m_EnablePreprocessing: 1
--- !u!114 &114356680263920948
MonoBehaviour:
  m_ObjectHideFlags: 0
  m_PrefabParentObject: {fileID: 0}
  m_PrefabInternal: {fileID: 100100000}
  m_GameObject: {fileID: 1955341337972041}
  m_Enabled: 1
  m_EditorHideFlags: 0
  m_Script: {fileID: 11500000, guid: f3700d0da111cce8685dbbf79aa8cf16, type: 3}
  m_Name:
  m_EditorClassIdentifier:
  m_position: {x: 0, y: 0, z: 1.55}
--- !u!1 &1809228220862355
GameObject:
  serializedVersion: 5
  m_ObjectHideFlags: 0
  m_PrefabParentObject: {fileID: 0}
  m_PrefabInternal: {fileID: 100100000}
  m_Component:
  - component: {fileID: 4142552020877767}
  - component: {fileID: 33854257983033662}
  - component: {fileID: 23899686780798328}
  - component: {fileID: 54716205596416211}
  - component: {fileID: 59377814541158863}
  - component: {fileID: 114957687626834464}
  m_Layer: 8
  m_Name: Scarf
  m_TagString: Untagged
  m_Icon: {fileID: 0}
  m_NavMeshLayer: 0
  m_StaticEditorFlags: 0
  m_IsActive: 1
--- !u!4 &4142552020877767
Transform:
  m_ObjectHideFlags: 0
  m_PrefabParentObject: {fileID: 0}
  m_PrefabInternal: {fileID: 100100000}
  m_GameObject: {fileID: 1809228220862355}
  m_LocalRotation: {x: 0, y: 0, z: 0, w: 1}
  m_LocalPosition: {x: 0.8, y: 2.11, z: -0.24}
  m_LocalScale: {x: 1, y: 1, z: 1}
  m_Children: []
  m_Father: {fileID: 4912733299844410}
  m_RootOrder: 2
  m_LocalEulerAnglesHint: {x: 0, y: -0, z: -0}
--- !u!33 &33854257983033662
MeshFilter:
  m_ObjectHideFlags: 0
  m_PrefabParentObject: {fileID: 0}
  m_PrefabInternal: {fileID: 100100000}
  m_GameObject: {fileID: 1809228220862355}
  m_Mesh: {fileID: 4300000, guid: f70d07b7a44731b499deda1995372b1d, type: 2}
--- !u!23 &23899686780798328
MeshRenderer:
  m_ObjectHideFlags: 0
  m_PrefabParentObject: {fileID: 0}
  m_PrefabInternal: {fileID: 100100000}
  m_GameObject: {fileID: 1809228220862355}
  m_Enabled: 1
  m_CastShadows: 1
  m_ReceiveShadows: 1
  m_MotionVectors: 1
  m_LightProbeUsage: 1
  m_ReflectionProbeUsage: 1
  m_Materials:
  - {fileID: 2100000, guid: 28a39822a374ff7489db8545658ffac7, type: 2}
  m_StaticBatchInfo:
    firstSubMesh: 0
    subMeshCount: 0
  m_StaticBatchRoot: {fileID: 0}
  m_ProbeAnchor: {fileID: 0}
  m_LightProbeVolumeOverride: {fileID: 0}
  m_ScaleInLightmap: 1
  m_PreserveUVs: 0
  m_IgnoreNormalsForChartDetection: 0
  m_ImportantGI: 0
  m_SelectedEditorRenderState: 3
  m_MinimumChartSize: 4
  m_AutoUVMaxDistance: 0.5
  m_AutoUVMaxAngle: 89
  m_LightmapParameters: {fileID: 0}
  m_SortingLayerID: 0
  m_SortingLayer: 0
  m_SortingOrder: 0
--- !u!54 &54716205596416211
Rigidbody:
  serializedVersion: 2
  m_ObjectHideFlags: 0
  m_PrefabParentObject: {fileID: 0}
  m_PrefabInternal: {fileID: 100100000}
  m_GameObject: {fileID: 1809228220862355}
  m_Mass: 0.001
  m_Drag: 1
  m_AngularDrag: 1
  m_UseGravity: 1
  m_IsKinematic: 0
  m_Interpolate: 0
  m_Constraints: 0
  m_CollisionDetection: 0
--- !u!59 &59377814541158863
HingeJoint:
  m_ObjectHideFlags: 0
  m_PrefabParentObject: {fileID: 0}
  m_PrefabInternal: {fileID: 100100000}
  m_GameObject: {fileID: 1809228220862355}
  m_ConnectedBody: {fileID: 54635560118728237}
  m_Anchor: {x: 0, y: 2.498834, z: 0}
  m_Axis: {x: 0, y: 1, z: 0}
  m_AutoConfigureConnectedAnchor: 1
  m_ConnectedAnchor: {x: 0.8000001, y: 4.608834, z: -0.24000001}
  m_UseSpring: 1
  m_Spring:
    spring: 10
    damper: 2
    targetPosition: 0
  m_UseMotor: 0
  m_Motor:
    targetVelocity: 0
    force: 0
    freeSpin: 0
  m_UseLimits: 1
  m_Limits:
    min: 0
    max: 20
    bounciness: 0
    bounceMinVelocity: 0.2
    contactDistance: 0
  m_BreakForce: Infinity
  m_BreakTorque: Infinity
  m_EnableCollision: 0
  m_EnablePreprocessing: 1
--- !u!114 &114957687626834464
MonoBehaviour:
  m_ObjectHideFlags: 0
  m_PrefabParentObject: {fileID: 0}
  m_PrefabInternal: {fileID: 100100000}
  m_GameObject: {fileID: 1809228220862355}
  m_Enabled: 1
  m_EditorHideFlags: 0
  m_Script: {fileID: 11500000, guid: f3700d0da111cce8685dbbf79aa8cf16, type: 3}
  m_Name:
  m_EditorClassIdentifier:
  m_position: {x: 0, y: 0, z: 1.55}
