%YAML 1.1
%TAG !u! tag:unity3d.com,2011:
--- !u!1001 &100100000
Prefab:
  serializedVersion: 2
  m_ObjectHideFlags: 0
  m_Modification:
    m_TransformParent: {fileID: 0}
    m_Modifications: []
    m_RemovedComponents: []
  m_ParentPrefab: {fileID: 0}
  m_RootGameObject: {fileID: 1908098852528053}
  m_IsPrefabParent: 1
--- !u!1 &1908098852528053
GameObject:
  serializedVersion: 5
  m_ObjectHideFlags: 0
  m_PrefabParentObject: {fileID: 0}
  m_PrefabInternal: {fileID: 100100000}
  m_Component:
  - component: {fileID: 4954709593712551}
  - component: {fileID: 54403346482635720}
  - component: {fileID: 135324239457323342}
  - component: {fileID: 75425801647779346}
  - component: {fileID: 153880029727047759}
  - component: {fileID: 145448638715649944}
  - component: {fileID: 114193545238813890}
  - component: {fileID: 114616675343791044}
  - component: {fileID: 114531257577654233}
  - component: {fileID: 114232847308990457}
  m_Layer: 8
  m_Name: Jellyfish
  m_TagString: Untagged
  m_Icon: {fileID: 0}
  m_NavMeshLayer: 0
  m_StaticEditorFlags: 0
  m_IsActive: 1
--- !u!4 &4954709593712551
Transform:
  m_ObjectHideFlags: 0
  m_PrefabParentObject: {fileID: 0}
  m_PrefabInternal: {fileID: 100100000}
  m_GameObject: {fileID: 1908098852528053}
  m_LocalRotation: {x: 0, y: 0, z: 0, w: 1}
  m_LocalPosition: {x: 0, y: 0, z: 0}
  m_LocalScale: {x: 1, y: 1, z: 1}
  m_Children:
  - {fileID: 4245765518597104}
  - {fileID: 4027796078120649}
  - {fileID: 4570728233542495}
  m_Father: {fileID: 0}
  m_RootOrder: 0
  m_LocalEulerAnglesHint: {x: 0, y: -0, z: -0}
--- !u!54 &54403346482635720
Rigidbody:
  serializedVersion: 2
  m_ObjectHideFlags: 0
  m_PrefabParentObject: {fileID: 0}
  m_PrefabInternal: {fileID: 100100000}
  m_GameObject: {fileID: 1908098852528053}
  m_Mass: 1
  m_Drag: 10
  m_AngularDrag: 5
  m_UseGravity: 0
  m_IsKinematic: 0
  m_Interpolate: 0
  m_Constraints: 0
  m_CollisionDetection: 0
--- !u!135 &135324239457323342
SphereCollider:
  serializedVersion: 2
  m_ObjectHideFlags: 0
  m_PrefabParentObject: {fileID: 0}
  m_PrefabInternal: {fileID: 100100000}
  m_GameObject: {fileID: 1908098852528053}
  m_Material: {fileID: 0}
  m_IsTrigger: 0
  m_Enabled: 1
  m_Radius: 1.5
  m_Center: {x: 0, y: 5.8, z: 0}
--- !u!75 &75425801647779346
ConstantForce:
  m_ObjectHideFlags: 0
  m_PrefabParentObject: {fileID: 0}
  m_PrefabInternal: {fileID: 100100000}
  m_GameObject: {fileID: 1908098852528053}
  m_Enabled: 1
  m_Force: {x: 0, y: 0, z: 0}
  m_RelativeForce: {x: 0, y: 0, z: 0}
  m_Torque: {x: 0, y: 0, z: 0}
  m_RelativeTorque: {x: 0, y: 0, z: 0}
--- !u!153 &153880029727047759
ConfigurableJoint:
  serializedVersion: 2
  m_ObjectHideFlags: 0
  m_PrefabParentObject: {fileID: 0}
  m_PrefabInternal: {fileID: 100100000}
  m_GameObject: {fileID: 1908098852528053}
  m_ConnectedBody: {fileID: 0}
  m_Anchor: {x: 0, y: 1.8, z: 0}
  m_Axis: {x: 1, y: 0, z: 0}
  m_AutoConfigureConnectedAnchor: 1
  m_ConnectedAnchor: {x: 0, y: 1.8, z: 0}
  m_SecondaryAxis: {x: 0, y: 1, z: 0}
  m_XMotion: 0
  m_YMotion: 0
  m_ZMotion: 0
  m_AngularXMotion: 2
  m_AngularYMotion: 2
  m_AngularZMotion: 2
  m_LinearLimitSpring:
    spring: 0
    damper: 0
  m_LinearLimit:
    limit: 0
    bounciness: 0
    contactDistance: 0
  m_AngularXLimitSpring:
    spring: 5000
    damper: 1000
  m_LowAngularXLimit:
    limit: -10
    bounciness: 0
    contactDistance: 0
  m_HighAngularXLimit:
    limit: 5
    bounciness: 0
    contactDistance: 0
  m_AngularYZLimitSpring:
    spring: 5000
    damper: 1000
  m_AngularYLimit:
    limit: 0
    bounciness: 0
    contactDistance: 0
  m_AngularZLimit:
    limit: 13
    bounciness: 0
    contactDistance: 0
  m_TargetPosition: {x: 0, y: 0, z: 0}
  m_TargetVelocity: {x: 0, y: 0, z: 0}
  m_XDrive:
    serializedVersion: 3
    positionSpring: 0
    positionDamper: 0
    maximumForce: 3.4028233E+38
  m_YDrive:
    serializedVersion: 3
    positionSpring: 0
    positionDamper: 0
    maximumForce: 3.4028233E+38
  m_ZDrive:
    serializedVersion: 3
    positionSpring: 0
    positionDamper: 0
    maximumForce: 3.4028233E+38
  m_TargetRotation: {x: 0, y: 0, z: 0, w: 1}
  m_TargetAngularVelocity: {x: 0, y: 0, z: 0}
  m_RotationDriveMode: 1
  m_AngularXDrive:
    serializedVersion: 3
    positionSpring: 0
    positionDamper: 0
    maximumForce: 0
  m_AngularYZDrive:
    serializedVersion: 3
    positionSpring: 0
    positionDamper: 0
    maximumForce: 0
  m_SlerpDrive:
    serializedVersion: 3
    positionSpring: 500
    positionDamper: 10
    maximumForce: 50000
  m_ProjectionMode: 0
  m_ProjectionDistance: 0.1
  m_ProjectionAngle: 180
  m_ConfiguredInWorldSpace: 0
  m_SwapBodies: 0
  m_BreakForce: Infinity
  m_BreakTorque: Infinity
  m_EnableCollision: 0
  m_EnablePreprocessing: 1
--- !u!145 &145448638715649944
SpringJoint:
  serializedVersion: 2
  m_ObjectHideFlags: 0
  m_PrefabParentObject: {fileID: 0}
  m_PrefabInternal: {fileID: 100100000}
  m_GameObject: {fileID: 1908098852528053}
  m_ConnectedBody: {fileID: 0}
  m_Anchor: {x: 0, y: 4.93, z: 0}
  m_AutoConfigureConnectedAnchor: 1
  m_ConnectedAnchor: {x: 0, y: 4.93, z: 0}
  m_Spring: 200
  m_Damper: 15
  m_MinDistance: 0.3
  m_MaxDistance: 0
  m_Tolerance: 0.025
  m_BreakForce: Infinity
  m_BreakTorque: Infinity
  m_EnableCollision: 0
  m_EnablePreprocessing: 1
--- !u!114 &114193545238813890
MonoBehaviour:
  m_ObjectHideFlags: 0
  m_PrefabParentObject: {fileID: 0}
  m_PrefabInternal: {fileID: 100100000}
  m_GameObject: {fileID: 1908098852528053}
  m_Enabled: 1
  m_EditorHideFlags: 0
  m_Script: {fileID: 11500000, guid: 519636138da1f93dacb68edc8dd0f672, type: 3}
  m_Name:
  m_EditorClassIdentifier:
  m_minSpeedBeforeTorque: 0
  m_minTorque: 0
  m_maxTorque: 0
  m_maxSpeedForTorque: 20
  m_driveMaxVel: 20
  m_driveMinForce: 2000
  m_driveMaxForce: 2000
  m_reverse: 1
  m_maxRotAngle: 1
  m_maxSpeedForRot: 1
  m_rotSmoothTime: 1
  m_replacements:
  - {fileID: 1326087555034958, guid: 6a5bea4c7009dbc48afa98b3206a9e72, type: 2}
  - {fileID: 1941737061194073, guid: 38d4037a641597342866a3ab06136798, type: 2}
  - {fileID: 1812294126505140, guid: 39282d36971e75d46ab7925c35d38d99, type: 2}
  - {fileID: 1443709866924554, guid: 3bbae8c8dca8ebc42aa14a09c4ee875b, type: 2}
  - {fileID: 1872234436776329, guid: 907953af8b7d721438e15ec35dc75836, type: 2}
  - {fileID: 1227052786976090, guid: 845c0c2598d43a443af43144af75a59b, type: 2}
  - {fileID: 1550696937711797, guid: 906d6ef6f982bcc49b8f1f47d8697be7, type: 2}
  - {fileID: 1220282751914974, guid: 8479a2a907a58de46be43ebb35924d24, type: 2}
  - {fileID: 1200448630419923, guid: ad5e33c00d8b5934d9d6a32e2b8f978e, type: 2}
  - {fileID: 1506389398389704, guid: c9c64e85d6eb7a24b8e6a76ac71ac6fd, type: 2}
  - {fileID: 1993329798868129, guid: d4ec6b4256d22fd47b207916c84c2726, type: 2}
  - {fileID: 1401073191992797, guid: f6e4397353278c342a725cfc1f066f3a, type: 2}
  - {fileID: 1390492237504470, guid: 16408dc9bb3c0f3409e0539a148635c4, type: 2}
  - {fileID: 1279452945090143, guid: fff500a20be755545880330201ad04c1, type: 2}
  - {fileID: 1021153744820749, guid: 3547c2b33a446a943aec73bcef351ffd, type: 2}
  - {fileID: 1505154243865503, guid: 4b9a81148744c364d91852fb854956de, type: 2}
  - {fileID: 1954418759808945, guid: 440bc79bdb928ae4ca5f1460a6b11414, type: 2}
  - {fileID: 1159688079278934, guid: eaf1a930d9ddaef468fdeda58b6aac3a, type: 2}
  - {fileID: 1625367839945421, guid: 6f8a2ab9a012b7e41a419f98fdfd91da, type: 2}
  - {fileID: 1205199906574424, guid: ba266352860d6004881b70875fd4ed66, type: 2}
  - {fileID: 1379840923794822, guid: 12d2259e35f53484a8a62a522844ef7e, type: 2}
  - {fileID: 1411152714825592, guid: ce8d25a8e91dec94dbcd84648889820a, type: 2}
  - {fileID: 1684701738571208, guid: 51235aecb66413746892ccdf0cc75d6e, type: 2}
  - {fileID: 1654251508473831, guid: c9898cab0955a0b4f8876509223e6f93, type: 2}
  - {fileID: 1735062435075698, guid: 288dfb738793b594794ca7ed12f27b65, type: 2}
  - {fileID: 1844820540806557, guid: 12cea6047bc13c84f82c37097a3c558e, type: 2}
  - {fileID: 1087109888300672, guid: 38a5827d164c45b4c81db44ad72d863c, type: 2}
  - {fileID: 1687429416564521, guid: 8e32a1c570760e247b35ae00798ba5dc, type: 2}
  - {fileID: 1571561320077353, guid: 768b71e9d03123e438785518063a4361, type: 2}
  - {fileID: 1706517851953692, guid: 40f2dbd927597024a87bbffe9831e2ae, type: 2}
  - {fileID: 1026236766205850, guid: a9d5983565c0a604db686da277ccd2ef, type: 2}
  - {fileID: 1773628300070521, guid: a59b7256456157c409ae9b2116db079c, type: 2}
  - {fileID: 1093955122947243, guid: 1d157293ab83f1841968e1298ab69614, type: 2}
  - {fileID: 1523002928798398, guid: ed36356457c706b4880756ea6a4789a8, type: 2}
  - {fileID: 1407870727840100, guid: 4cecc05286a925a48beddf8a4356bb17, type: 2}
  - {fileID: 1904979361614394, guid: 4519963af0302734d92740cbfe346903, type: 2}
  - {fileID: 1823051017844850, guid: 2ab003a5ca77eea49802266e56c7607d, type: 2}
  - {fileID: 1069320313262871, guid: 867ba290d0d824f40ae0a9755a2eee42, type: 2}
  - {fileID: 1304098413335678, guid: d37e99bae503cab4b9fdc59dc86de986, type: 2}
  - {fileID: 1513532325805666, guid: bf0611e9fbb91b1488b786167f87c53f, type: 2}
  - {fileID: 1930969930231645, guid: b60bb423200f0d24ea4362c3e69df755, type: 2}
  - {fileID: 1300398684208224, guid: 511a102e1ca0ada43bcf4e2e8428cb1c, type: 2}
  - {fileID: 1399614875143760, guid: d505f910b8a2bb840bf4cc03c01b12d6, type: 2}
  - {fileID: 1168347247353310, guid: 0597ea260b36ac14fa015ae2511f9ade, type: 2}
  - {fileID: 1631686454238386, guid: 3177203823889cb4b974c3dae888df0f, type: 2}
  - {fileID: 1211080211356294, guid: c64073b8b3457e540a76fdd989cc90e1, type: 2}
  - {fileID: 1670574764335379, guid: 78ef351fb5b08184fa37b1520ea047c9, type: 2}
  - {fileID: 1283634922088586, guid: 4a3a1442fae991042b91fd64c68072ad, type: 2}
  - {fileID: 1946629521413618, guid: 11a582abf27ff714dabef413825a2644, type: 2}
  - {fileID: 1219712689261701, guid: 43cdb7abe76e7c8408f6e314010a9308, type: 2}
  - {fileID: 1010777146145460, guid: e3e6980f6be6a5d46a9cbcafee217ee2, type: 2}
  - {fileID: 1253310436954394, guid: fdd39bb0cf5ca074685ef4fcb02f1879, type: 2}
  - {fileID: 1292973120842436, guid: dc8e72c5322bb6347a9dd1728377371c, type: 2}
  - {fileID: 1542214520233514, guid: 2222e8f759f9b6e428c1a48893b84d2b, type: 2}
  - {fileID: 1699287649718609, guid: 2cab5dfb1725bcd4e95115e8675c3aa0, type: 2}
  - {fileID: 1184785290019620, guid: 42354b707067eff4faa97b97399d56be, type: 2}
  - {fileID: 1055219272888891, guid: 3fb4ffc8cf1d9ae42aa0b22f124e42ca, type: 2}
  - {fileID: 1525312788773830, guid: fa46d2441a8eea445ada16549ddc8f8f, type: 2}
  - {fileID: 1365244752141141, guid: b8391f8ac5a579e47a792c659cd6db16, type: 2}
  - {fileID: 1464588168901623, guid: cef508eaf70b3074180b09c5d32ae0a6, type: 2}
  - {fileID: 1598995050439544, guid: ca9cb37883e9b464c97c868729cb8a7c, type: 2}
  - {fileID: 1754081208385857, guid: a9a6cde17a0822e4e97a89b4f628133d, type: 2}
  - {fileID: 1787683724849593, guid: 2560721f7916790458934e89764e5974, type: 2}
  - {fileID: 1833247217549452, guid: caeda6a8d801ac544b1e5ffe706d1fbf, type: 2}
  - {fileID: 1010624068764647, guid: 6d2ec7bc52ecd1248bd912fc09da2f25, type: 2}
  - {fileID: 1358422492178190, guid: e9706d709d6626d479f02f9e925037c6, type: 2}
  - {fileID: 1672024691772758, guid: 64a6c61a98f4c9a408bb1aa0098b3338, type: 2}
  - {fileID: 1183243331321032, guid: b9e8e09b075197a47a2c9feaa1027f18, type: 2}
  - {fileID: 1202486734475642, guid: 2c952eeb23109e346afb1547d4cb1d51, type: 2}
  - {fileID: 1333717355719392, guid: 589276e393e2246458ed8f54b37664e0, type: 2}
  m_replacementsValues:
  - {fileID: 1355040497465683, guid: f5f27a601a1445849a195e1eb4e2d1a0, type: 2}
  - {fileID: 1662266041375170, guid: 7b737f73addc26146ad0d51c2e119e90, type: 2}
  - {fileID: 1360294939906662, guid: 70a58e871756e8b4591caba00cd57e88, type: 2}
  - {fileID: 1734458304535584, guid: 27df54a18b7f9fb4193e77446e2281cf, type: 2}
  - {fileID: 1662266041375170, guid: 7b737f73addc26146ad0d51c2e119e90, type: 2}
  - {fileID: 1662266041375170, guid: 7b737f73addc26146ad0d51c2e119e90, type: 2}
  - {fileID: 1662266041375170, guid: 7b737f73addc26146ad0d51c2e119e90, type: 2}
  - {fileID: 1662266041375170, guid: 7b737f73addc26146ad0d51c2e119e90, type: 2}
  - {fileID: 1662266041375170, guid: 7b737f73addc26146ad0d51c2e119e90, type: 2}
  - {fileID: 1360294939906662, guid: 70a58e871756e8b4591caba00cd57e88, type: 2}
  - {fileID: 1734458304535584, guid: 27df54a18b7f9fb4193e77446e2281cf, type: 2}
  - {fileID: 1662266041375170, guid: 7b737f73addc26146ad0d51c2e119e90, type: 2}
  - {fileID: 1662266041375170, guid: 7b737f73addc26146ad0d51c2e119e90, type: 2}
  - {fileID: 1662266041375170, guid: 7b737f73addc26146ad0d51c2e119e90, type: 2}
  - {fileID: 1360294939906662, guid: 70a58e871756e8b4591caba00cd57e88, type: 2}
  - {fileID: 1734458304535584, guid: 27df54a18b7f9fb4193e77446e2281cf, type: 2}
  - {fileID: 1662266041375170, guid: 7b737f73addc26146ad0d51c2e119e90, type: 2}
  - {fileID: 1360294939906662, guid: 70a58e871756e8b4591caba00cd57e88, type: 2}
  - {fileID: 1734458304535584, guid: 27df54a18b7f9fb4193e77446e2281cf, type: 2}
  - {fileID: 1662266041375170, guid: 7b737f73addc26146ad0d51c2e119e90, type: 2}
  - {fileID: 1360294939906662, guid: 70a58e871756e8b4591caba00cd57e88, type: 2}
  - {fileID: 1734458304535584, guid: 27df54a18b7f9fb4193e77446e2281cf, type: 2}
  - {fileID: 1775128657322182, guid: 10ef4e0b936ba184a99419aab6bdc73d, type: 2}
  - {fileID: 1225507387148303, guid: 5dbea02d794356447891083290f6a37e, type: 2}
  - {fileID: 1282881078842622, guid: eba90ecf9afbff7408f9af3b1721ffeb, type: 2}
  - {fileID: 1648962190628351, guid: 5bbefd5c8eec1c54583624cdeee0d476, type: 2}
  - {fileID: 1768821019627234, guid: 761a3da1ce747bc45bc7748722e8eb0a, type: 2}
  - {fileID: 1708302163490710, guid: 8518f98cab2bb8a4d999d1700d9c2d59, type: 2}
  - {fileID: 1225507387148303, guid: 5dbea02d794356447891083290f6a37e, type: 2}
  - {fileID: 1282881078842622, guid: eba90ecf9afbff7408f9af3b1721ffeb, type: 2}
  - {fileID: 1648962190628351, guid: 5bbefd5c8eec1c54583624cdeee0d476, type: 2}
  - {fileID: 1768821019627234, guid: 761a3da1ce747bc45bc7748722e8eb0a, type: 2}
  - {fileID: 1708302163490710, guid: 8518f98cab2bb8a4d999d1700d9c2d59, type: 2}
  - {fileID: 1225507387148303, guid: 5dbea02d794356447891083290f6a37e, type: 2}
  - {fileID: 1282881078842622, guid: eba90ecf9afbff7408f9af3b1721ffeb, type: 2}
  - {fileID: 1648962190628351, guid: 5bbefd5c8eec1c54583624cdeee0d476, type: 2}
  - {fileID: 1768821019627234, guid: 761a3da1ce747bc45bc7748722e8eb0a, type: 2}
  - {fileID: 1708302163490710, guid: 8518f98cab2bb8a4d999d1700d9c2d59, type: 2}
  - {fileID: 1225507387148303, guid: 5dbea02d794356447891083290f6a37e, type: 2}
  - {fileID: 1282881078842622, guid: eba90ecf9afbff7408f9af3b1721ffeb, type: 2}
  - {fileID: 1648962190628351, guid: 5bbefd5c8eec1c54583624cdeee0d476, type: 2}
  - {fileID: 1768821019627234, guid: 761a3da1ce747bc45bc7748722e8eb0a, type: 2}
  - {fileID: 1708302163490710, guid: 8518f98cab2bb8a4d999d1700d9c2d59, type: 2}
  - {fileID: 1225507387148303, guid: 5dbea02d794356447891083290f6a37e, type: 2}
  - {fileID: 1282881078842622, guid: eba90ecf9afbff7408f9af3b1721ffeb, type: 2}
  - {fileID: 1648962190628351, guid: 5bbefd5c8eec1c54583624cdeee0d476, type: 2}
  - {fileID: 1768821019627234, guid: 761a3da1ce747bc45bc7748722e8eb0a, type: 2}
  - {fileID: 1708302163490710, guid: 8518f98cab2bb8a4d999d1700d9c2d59, type: 2}
  - {fileID: 1828795103892052, guid: ff280dd5f9194ab43bd35a82724d9f93, type: 2}
  - {fileID: 1828795103892052, guid: ff280dd5f9194ab43bd35a82724d9f93, type: 2}
  - {fileID: 1828795103892052, guid: ff280dd5f9194ab43bd35a82724d9f93, type: 2}
  - {fileID: 1828795103892052, guid: ff280dd5f9194ab43bd35a82724d9f93, type: 2}
  - {fileID: 1828795103892052, guid: ff280dd5f9194ab43bd35a82724d9f93, type: 2}
  - {fileID: 1828795103892052, guid: ff280dd5f9194ab43bd35a82724d9f93, type: 2}
  - {fileID: 1524317205112015, guid: a662407166262a4428f9bb1275de4a59, type: 2}
  - {fileID: 1637176407477154, guid: df8c8aa7a1e4279478776a3d32660797, type: 2}
  - {fileID: 1917858711088563, guid: 1b6ce14725549834e83ffba6ce86e7a7, type: 2}
  - {fileID: 1558761733816708, guid: 56c3a6a22083cb245a4bf20cfa15c344, type: 2}
  - {fileID: 1724194895183258, guid: c5ea6565f48be6345ab9c31099cf86d6, type: 2}
  - {fileID: 1524317205112015, guid: a662407166262a4428f9bb1275de4a59, type: 2}
  - {fileID: 1637176407477154, guid: df8c8aa7a1e4279478776a3d32660797, type: 2}
  - {fileID: 1917858711088563, guid: 1b6ce14725549834e83ffba6ce86e7a7, type: 2}
  - {fileID: 1558761733816708, guid: 56c3a6a22083cb245a4bf20cfa15c344, type: 2}
  - {fileID: 1724194895183258, guid: c5ea6565f48be6345ab9c31099cf86d6, type: 2}
  - {fileID: 1524317205112015, guid: a662407166262a4428f9bb1275de4a59, type: 2}
  - {fileID: 1637176407477154, guid: df8c8aa7a1e4279478776a3d32660797, type: 2}
  - {fileID: 1917858711088563, guid: 1b6ce14725549834e83ffba6ce86e7a7, type: 2}
  - {fileID: 1558761733816708, guid: 56c3a6a22083cb245a4bf20cfa15c344, type: 2}
  - {fileID: 1724194895183258, guid: c5ea6565f48be6345ab9c31099cf86d6, type: 2}
  - {fileID: 1775128657322182, guid: 10ef4e0b936ba184a99419aab6bdc73d, type: 2}
  m_materialReplacements: []
  m_materialReplacementsValues: []
  m_hexMaterialReplacements: []
  m_hexMaterialReplacementsValues:
  - {fileID: 2100000, guid: d825f9ee23242914ca67ff213ff43889, type: 2}
  - {fileID: 2100000, guid: d825f9ee23242914ca67ff213ff43889, type: 2}
  m_setPieceReplacements: []
  m_setPieceReplacementsValues: []
  m_tilesetOverrides: []
  m_customUIPrefab: {fileID: 0}
  m_additions: []
  m_additionsValues: []
  m_colorize:
  - {fileID: 2100000, guid: bdea071064f662e4c85f25d5099eb782, type: 2}
  - {fileID: 2100000, guid: 9721e9449f8630b42a47c6fa1241b072, type: 2}
  - {fileID: 2100000, guid: 2d288982ec7b347499ec33f933e3a112, type: 2}
  - {fileID: 2100000, guid: 618baa8eb7cac2d40a5fe0978bc86818, type: 2}
  - {fileID: 2100000, guid: a89160079cfd3dd48af263e8fe2a7c90, type: 2}
  - {fileID: 2100000, guid: d3fd868fd440b7b4ca75da7c707bfb01, type: 2}
  m_colorizeValues:
  - {r: 0, g: 0.64705884, b: 0.81568635, a: 1}
  - {r: 0, g: 0.4901961, b: 0.61960787, a: 1}
  - {r: 0, g: 0.48985815, b: 0.61764705, a: 1}
  - {r: 0.61960787, g: 0.7058824, b: 1, a: 1}
  - {r: 0.61960787, g: 0.7058824, b: 1, a: 1}
  - {r: 0.61960787, g: 0.7058824, b: 1, a: 1}
  m_customShaderKeyword: _UNDERWATER
  m_monochromeBlack: {r: 0, g: 0, b: 0, a: 1}
  m_monochromeWhite: {r: 1, g: 1, b: 1, a: 1}
  m_monochromeScale: 1
  m_skyboxTexture: {fileID: 2800000, guid: 76e928b77f200c24ab37f781ca63eb8c, type: 3}
  m_goldMaterial: {fileID: 0}
  m_onLoad:
    m_PersistentCalls:
      m_Calls:
      - m_Target: {fileID: 114531257577654233}
        m_MethodName: Trigger
        m_Mode: 1
        m_Arguments:
          m_ObjectArgument: {fileID: 0}
          m_ObjectArgumentAssemblyTypeName: UnityEngine.Object, UnityEngine
          m_IntArgument: 0
          m_FloatArgument: 0
          m_StringArgument:
          m_BoolArgument: 0
        m_CallState: 2
      - m_Target: {fileID: 114232847308990457}
        m_MethodName: Trigger
        m_Mode: 1
        m_Arguments:
          m_ObjectArgument: {fileID: 0}
          m_ObjectArgumentAssemblyTypeName: UnityEngine.Object, UnityEngine
          m_IntArgument: 0
          m_FloatArgument: 0
          m_StringArgument:
          m_BoolArgument: 0
        m_CallState: 2
    m_TypeName: UnityEngine.Events.UnityEvent, UnityEngine, Version=0.0.0.0, Culture=neutral, PublicKeyToken=null
  m_onUnload:
    m_PersistentCalls:
      m_Calls:
      - m_Target: {fileID: 114531257577654233}
        m_MethodName: Untrigger
        m_Mode: 1
        m_Arguments:
          m_ObjectArgument: {fileID: 0}
          m_ObjectArgumentAssemblyTypeName: UnityEngine.Object, UnityEngine
          m_IntArgument: 0
          m_FloatArgument: 0
          m_StringArgument:
          m_BoolArgument: 0
        m_CallState: 2
      - m_Target: {fileID: 114232847308990457}
        m_MethodName: Untrigger
        m_Mode: 1
        m_Arguments:
          m_ObjectArgument: {fileID: 0}
          m_ObjectArgumentAssemblyTypeName: UnityEngine.Object, UnityEngine
          m_IntArgument: 0
          m_FloatArgument: 0
          m_StringArgument:
          m_BoolArgument: 0
        m_CallState: 2
    m_TypeName: UnityEngine.Events.UnityEvent, UnityEngine, Version=0.0.0.0, Culture=neutral, PublicKeyToken=null
--- !u!114 &114616675343791044
MonoBehaviour:
  m_ObjectHideFlags: 0
  m_PrefabParentObject: {fileID: 0}
  m_PrefabInternal: {fileID: 100100000}
  m_GameObject: {fileID: 1908098852528053}
  m_Enabled: 1
  m_EditorHideFlags: 0
  m_Script: {fileID: 11500000, guid: f3700d0da111cce8685dbbf79aa8cf16, type: 3}
  m_Name:
  m_EditorClassIdentifier:
  m_position: {x: 0, y: 0, z: 0}
--- !u!114 &114531257577654233
MonoBehaviour:
  m_ObjectHideFlags: 0
  m_PrefabParentObject: {fileID: 0}
  m_PrefabInternal: {fileID: 100100000}
  m_GameObject: {fileID: 1908098852528053}
  m_Enabled: 1
  m_EditorHideFlags: 0
  m_Script: {fileID: 11500000, guid: 13b5fbbc0ebc0bc278320a0357bb65fc, type: 3}
  m_Name:
  m_EditorClassIdentifier:
  m_priority: 2
  m_color: {r: 0.3430471, g: 0.48192692, b: 0.99264705, a: 1}
  m_intensity: 0.8
  m_tweenTime: 0
  m_curve:
    serializedVersion: 2
    m_Curve:
    - serializedVersion: 2
      time: 0
      value: 0
      inSlope: 1
      outSlope: 1
      tangentMode: 0
    - serializedVersion: 2
      time: 1
      value: 1
      inSlope: 1
      outSlope: 1
      tangentMode: 0
    m_PreInfinity: 2
    m_PostInfinity: 2
    m_RotationOrder: 4
  m_pingpong: 0
  m_pongMultiplier: 1
  m_hasSecondaryLighting: 0
  m_secondaryMinDelayTime: 1.5
  m_secondaryMaxDelayTime: 8
  m_secondaryMinHoldTime: 0.5
  m_secondaryMaxHoldTime: 0.6
  m_secondaryColor: {r: 1, g: 1, b: 1, a: 1}
  m_secondaryIntensity: 3
  m_onTriggerSecondary:
    m_PersistentCalls:
      m_Calls: []
    m_TypeName: UnityEngine.Events.UnityEvent, UnityEngine, Version=0.0.0.0, Culture=neutral, PublicKeyToken=null
  m_onUntriggerSecondary:
    m_PersistentCalls:
      m_Calls: []
    m_TypeName: UnityEngine.Events.UnityEvent, UnityEngine, Version=0.0.0.0, Culture=neutral, PublicKeyToken=null
  m_secondaryIntensityCurve:
    serializedVersion: 2
    m_Curve:
    - serializedVersion: 2
      time: 0.004050457
      value: 1.0757381
      inSlope: 0
      outSlope: 0
      tangentMode: 0
    - serializedVersion: 2
      time: 0.13942821
      value: 0.568023
      inSlope: 0
      outSlope: 0
      tangentMode: 0
    - serializedVersion: 2
      time: 0.28967726
      value: 1.0784056
      inSlope: 1.1353195
      outSlope: 1.1353195
      tangentMode: 0
    - serializedVersion: 2
      time: 0.40746725
      value: 0.33253002
      inSlope: -0.6854534
      outSlope: -0.6854534
      tangentMode: 0
    - serializedVersion: 2
      time: 0.58090216
      value: 1.033926
      inSlope: 0
      outSlope: 0
      tangentMode: 0
    - serializedVersion: 2
      time: 0.6640445
      value: 0.31779477
      inSlope: -9.961427
      outSlope: -9.961427
      tangentMode: 0
    - serializedVersion: 2
      time: 0.7818917
      value: 0.49672514
      inSlope: 6.4471364
      outSlope: 6.4471364
      tangentMode: 0
    - serializedVersion: 2
      time: 0.86252135
      value: 0.27179238
      inSlope: 4.323125
      outSlope: 4.323125
      tangentMode: 0
    - serializedVersion: 2
      time: 0.9080155
      value: 0.1359421
      inSlope: 0
      outSlope: 0
      tangentMode: 0
    m_PreInfinity: 2
    m_PostInfinity: 2
    m_RotationOrder: 4
  m_secondaryColorCurve:
    serializedVersion: 2
    m_Curve:
    - serializedVersion: 2
      time: 0
      value: 1
      inSlope: 0
      outSlope: 0
      tangentMode: 0
    - serializedVersion: 2
      time: 1
      value: 1
      inSlope: 0
      outSlope: 0
      tangentMode: 0
    m_PreInfinity: 2
    m_PostInfinity: 2
    m_RotationOrder: 4
--- !u!114 &114232847308990457
MonoBehaviour:
  m_ObjectHideFlags: 0
  m_PrefabParentObject: {fileID: 0}
  m_PrefabInternal: {fileID: 100100000}
  m_GameObject: {fileID: 1908098852528053}
  m_Enabled: 1
  m_EditorHideFlags: 0
  m_Script: {fileID: 11500000, guid: 97a19a83ff10bbc18d47ce74638589ae, type: 3}
  m_Name:
  m_EditorClassIdentifier:
  m_priority: 2
  m_minRot: 0
  m_maxRot: 50
  m_minHeight: 60
  m_maxHeight: 400
  m_useDefaultFogSettings: 0
  m_fogColor: {r: 1, g: 1, b: 1, a: 1}
  m_colorize: {r: 1, g: 1, b: 1, a: 1}
  m_fogMinHeight: -70
  m_fogMaxHeight: 40
  m_fogTexture: {fileID: 2800000, guid: 76e928b77f200c24ab37f781ca63eb8c, type: 3}
  m_tweenTime: 0
--- !u!1 &1940041917350908
GameObject:
  serializedVersion: 5
  m_ObjectHideFlags: 0
  m_PrefabParentObject: {fileID: 0}
  m_PrefabInternal: {fileID: 100100000}
  m_Component:
  - component: {fileID: 4245765518597104}
  - component: {fileID: 33971527731666252}
  - component: {fileID: 23691890867590165}
  m_Layer: 8
  m_Name: Player
  m_TagString: Untagged
  m_Icon: {fileID: 0}
  m_NavMeshLayer: 0
  m_StaticEditorFlags: 0
  m_IsActive: 1
--- !u!4 &4245765518597104
Transform:
  m_ObjectHideFlags: 0
  m_PrefabParentObject: {fileID: 0}
  m_PrefabInternal: {fileID: 100100000}
  m_GameObject: {fileID: 1940041917350908}
  m_LocalRotation: {x: 0, y: 0, z: 0, w: 1}
  m_LocalPosition: {x: 0, y: 5.19, z: 0}
  m_LocalScale: {x: 1, y: 1, z: 1}
  m_Children: []
  m_Father: {fileID: 4954709593712551}
  m_RootOrder: 0
  m_LocalEulerAnglesHint: {x: 0, y: -0, z: -0}
--- !u!33 &33971527731666252
MeshFilter:
  m_ObjectHideFlags: 0
  m_PrefabParentObject: {fileID: 0}
  m_PrefabInternal: {fileID: 100100000}
  m_GameObject: {fileID: 1940041917350908}
  m_Mesh: {fileID: 4300000, guid: d67f66ed634579d4fa3fba09750c3512, type: 2}
--- !u!23 &23691890867590165
MeshRenderer:
  m_ObjectHideFlags: 0
  m_PrefabParentObject: {fileID: 0}
  m_PrefabInternal: {fileID: 100100000}
  m_GameObject: {fileID: 1940041917350908}
  m_Enabled: 1
  m_CastShadows: 1
  m_ReceiveShadows: 1
  m_MotionVectors: 1
  m_LightProbeUsage: 1
  m_ReflectionProbeUsage: 1
  m_Materials:
  - {fileID: 2100000, guid: 28a39822a374ff7489db8545658ffac7, type: 2}
  m_StaticBatchInfo:
    firstSubMesh: 0
    subMeshCount: 0
  m_StaticBatchRoot: {fileID: 0}
  m_ProbeAnchor: {fileID: 0}
  m_LightProbeVolumeOverride: {fileID: 0}
  m_ScaleInLightmap: 1
  m_PreserveUVs: 0
  m_IgnoreNormalsForChartDetection: 0
  m_ImportantGI: 0
  m_SelectedEditorRenderState: 3
  m_MinimumChartSize: 4
  m_AutoUVMaxDistance: 0.5
  m_AutoUVMaxAngle: 89
  m_LightmapParameters: {fileID: 0}
  m_SortingLayerID: 0
  m_SortingLayer: 0
  m_SortingOrder: 0
--- !u!1 &1322898984895267
GameObject:
  serializedVersion: 5
  m_ObjectHideFlags: 0
  m_PrefabParentObject: {fileID: 0}
  m_PrefabInternal: {fileID: 100100000}
  m_Component:
  - component: {fileID: 4027796078120649}
  - component: {fileID: 54857772131094482}
  - component: {fileID: 59901286100393655}
  m_Layer: 8
  m_Name: CapeShoulder
  m_TagString: Untagged
  m_Icon: {fileID: 0}
  m_NavMeshLayer: 0
  m_StaticEditorFlags: 0
  m_IsActive: 1
--- !u!4 &4027796078120649
Transform:
  m_ObjectHideFlags: 0
  m_PrefabParentObject: {fileID: 0}
  m_PrefabInternal: {fileID: 100100000}
  m_GameObject: {fileID: 1322898984895267}
  m_LocalRotation: {x: 0, y: 0, z: 0, w: 1}
  m_LocalPosition: {x: 0, y: 4.71, z: -0.03}
  m_LocalScale: {x: 1, y: 1, z: 1}
  m_Children:
  - {fileID: 4300164277927870}
  m_Father: {fileID: 4954709593712551}
  m_RootOrder: 1
  m_LocalEulerAnglesHint: {x: 0, y: -0, z: -0}
--- !u!54 &54857772131094482
Rigidbody:
  serializedVersion: 2
  m_ObjectHideFlags: 0
  m_PrefabParentObject: {fileID: 0}
  m_PrefabInternal: {fileID: 100100000}
  m_GameObject: {fileID: 1322898984895267}
  m_Mass: 0.0001
  m_Drag: 0
  m_AngularDrag: 0
  m_UseGravity: 0
  m_IsKinematic: 0
  m_Interpolate: 0
  m_Constraints: 0
  m_CollisionDetection: 0
--- !u!59 &59901286100393655
HingeJoint:
  m_ObjectHideFlags: 0
  m_PrefabParentObject: {fileID: 0}
  m_PrefabInternal: {fileID: 100100000}
  m_GameObject: {fileID: 1322898984895267}
  m_ConnectedBody: {fileID: 54403346482635720}
  m_Anchor: {x: 0, y: 0, z: 0}
  m_Axis: {x: 0, y: 0, z: 1}
  m_AutoConfigureConnectedAnchor: 1
  m_ConnectedAnchor: {x: 0, y: 4.71, z: -0.03}
  m_UseSpring: 1
  m_Spring:
    spring: 10
    damper: 2
    targetPosition: 0
  m_UseMotor: 0
  m_Motor:
    targetVelocity: 0
    force: 0
    freeSpin: 0
  m_UseLimits: 1
  m_Limits:
    min: -10
    max: 10
    bounciness: 0
    bounceMinVelocity: 0.2
    contactDistance: 0
  m_BreakForce: Infinity
  m_BreakTorque: Infinity
  m_EnableCollision: 0
  m_EnablePreprocessing: 1
--- !u!1 &1486219527590340
GameObject:
  serializedVersion: 5
  m_ObjectHideFlags: 0
  m_PrefabParentObject: {fileID: 0}
  m_PrefabInternal: {fileID: 100100000}
  m_Component:
  - component: {fileID: 4300164277927870}
  - component: {fileID: 33207669408069762}
  - component: {fileID: 23611057271314089}
  - component: {fileID: 54671897033487024}
  - component: {fileID: 59270743691076627}
  - component: {fileID: 114266127572948400}
  m_Layer: 8
  m_Name: Cape
  m_TagString: Untagged
  m_Icon: {fileID: 0}
  m_NavMeshLayer: 0
  m_StaticEditorFlags: 0
  m_IsActive: 1
--- !u!4 &4300164277927870
Transform:
  m_ObjectHideFlags: 0
  m_PrefabParentObject: {fileID: 0}
  m_PrefabInternal: {fileID: 100100000}
  m_GameObject: {fileID: 1486219527590340}
  m_LocalRotation: {x: 0, y: 0, z: 0, w: 1}
  m_LocalPosition: {x: 0, y: 0, z: 0}
  m_LocalScale: {x: 1, y: 1, z: 1}
  m_Children: []
  m_Father: {fileID: 4027796078120649}
  m_RootOrder: 0
  m_LocalEulerAnglesHint: {x: 0, y: -0, z: -0}
--- !u!33 &33207669408069762
MeshFilter:
  m_ObjectHideFlags: 0
  m_PrefabParentObject: {fileID: 0}
  m_PrefabInternal: {fileID: 100100000}
  m_GameObject: {fileID: 1486219527590340}
  m_Mesh: {fileID: 4300000, guid: 11ae00b31958cdd4486d80ee69c882bf, type: 2}
--- !u!23 &23611057271314089
MeshRenderer:
  m_ObjectHideFlags: 0
  m_PrefabParentObject: {fileID: 0}
  m_PrefabInternal: {fileID: 100100000}
  m_GameObject: {fileID: 1486219527590340}
  m_Enabled: 1
  m_CastShadows: 1
  m_ReceiveShadows: 1
  m_MotionVectors: 1
  m_LightProbeUsage: 1
  m_ReflectionProbeUsage: 1
  m_Materials:
  - {fileID: 2100000, guid: 28a39822a374ff7489db8545658ffac7, type: 2}
  m_StaticBatchInfo:
    firstSubMesh: 0
    subMeshCount: 0
  m_StaticBatchRoot: {fileID: 0}
  m_ProbeAnchor: {fileID: 0}
  m_LightProbeVolumeOverride: {fileID: 0}
  m_ScaleInLightmap: 1
  m_PreserveUVs: 0
  m_IgnoreNormalsForChartDetection: 0
  m_ImportantGI: 0
  m_SelectedEditorRenderState: 3
  m_MinimumChartSize: 4
  m_AutoUVMaxDistance: 0.5
  m_AutoUVMaxAngle: 89
  m_LightmapParameters: {fileID: 0}
  m_SortingLayerID: 0
  m_SortingLayer: 0
  m_SortingOrder: 0
--- !u!54 &54671897033487024
Rigidbody:
  serializedVersion: 2
  m_ObjectHideFlags: 0
  m_PrefabParentObject: {fileID: 0}
  m_PrefabInternal: {fileID: 100100000}
  m_GameObject: {fileID: 1486219527590340}
  m_Mass: 0.0002
  m_Drag: 0
  m_AngularDrag: 0
  m_UseGravity: 0
  m_IsKinematic: 0
  m_Interpolate: 0
  m_Constraints: 0
  m_CollisionDetection: 0
--- !u!59 &59270743691076627
HingeJoint:
  m_ObjectHideFlags: 0
  m_PrefabParentObject: {fileID: 0}
  m_PrefabInternal: {fileID: 100100000}
  m_GameObject: {fileID: 1486219527590340}
  m_ConnectedBody: {fileID: 54857772131094482}
  m_Anchor: {x: 0, y: 0.0022730827, z: 0}
  m_Axis: {x: 1, y: 0, z: 0}
  m_AutoConfigureConnectedAnchor: 1
  m_ConnectedAnchor: {x: 0, y: 0.0022730827, z: 0}
  m_UseSpring: 1
  m_Spring:
    spring: 10
    damper: 2
    targetPosition: 0
  m_UseMotor: 0
  m_Motor:
    targetVelocity: 0
    force: 0
    freeSpin: 0
  m_UseLimits: 1
  m_Limits:
    min: -10
    max: 10
    bounciness: 0
    bounceMinVelocity: 0.2
    contactDistance: 0
  m_BreakForce: Infinity
  m_BreakTorque: Infinity
  m_EnableCollision: 0
  m_EnablePreprocessing: 1
--- !u!114 &114266127572948400
MonoBehaviour:
  m_ObjectHideFlags: 0
  m_PrefabParentObject: {fileID: 0}
  m_PrefabInternal: {fileID: 100100000}
  m_GameObject: {fileID: 1486219527590340}
  m_Enabled: 1
  m_EditorHideFlags: 0
  m_Script: {fileID: 11500000, guid: f3700d0da111cce8685dbbf79aa8cf16, type: 3}
  m_Name:
  m_EditorClassIdentifier:
  m_position: {x: 0, y: -3, z: 0}
--- !u!1 &1806196605086502
GameObject:
  serializedVersion: 5
  m_ObjectHideFlags: 0
  m_PrefabParentObject: {fileID: 0}
  m_PrefabInternal: {fileID: 100100000}
  m_Component:
  - component: {fileID: 4570728233542495}
  - component: {fileID: 54804492534410539}
  - component: {fileID: 59874661901485046}
  m_Layer: 8
  m_Name: CapeShoulder (1)
  m_TagString: Untagged
  m_Icon: {fileID: 0}
  m_NavMeshLayer: 0
  m_StaticEditorFlags: 0
  m_IsActive: 1
--- !u!4 &4570728233542495
Transform:
  m_ObjectHideFlags: 0
  m_PrefabParentObject: {fileID: 0}
  m_PrefabInternal: {fileID: 100100000}
  m_GameObject: {fileID: 1806196605086502}
  m_LocalRotation: {x: 0, y: 0, z: 0, w: 1}
  m_LocalPosition: {x: 0, y: 5.61, z: 0}
  m_LocalScale: {x: 1, y: 1, z: 1}
  m_Children:
  - {fileID: 4809341151828919}
  m_Father: {fileID: 4954709593712551}
  m_RootOrder: 2
  m_LocalEulerAnglesHint: {x: 0, y: -0, z: -0}
--- !u!54 &54804492534410539
Rigidbody:
  serializedVersion: 2
  m_ObjectHideFlags: 0
  m_PrefabParentObject: {fileID: 0}
  m_PrefabInternal: {fileID: 100100000}
  m_GameObject: {fileID: 1806196605086502}
  m_Mass: 0.0001
  m_Drag: 0
  m_AngularDrag: 0
  m_UseGravity: 0
  m_IsKinematic: 0
  m_Interpolate: 0
  m_Constraints: 0
  m_CollisionDetection: 0
--- !u!59 &59874661901485046
HingeJoint:
  m_ObjectHideFlags: 0
  m_PrefabParentObject: {fileID: 0}
  m_PrefabInternal: {fileID: 100100000}
  m_GameObject: {fileID: 1806196605086502}
  m_ConnectedBody: {fileID: 54403346482635720}
  m_Anchor: {x: 0, y: 0, z: 0}
  m_Axis: {x: 0, y: 0, z: 1}
  m_AutoConfigureConnectedAnchor: 1
  m_ConnectedAnchor: {x: 0, y: 5.61, z: 0}
  m_UseSpring: 1
  m_Spring:
    spring: 10
    damper: 2
    targetPosition: 0
  m_UseMotor: 0
  m_Motor:
    targetVelocity: 0
    force: 0
    freeSpin: 0
  m_UseLimits: 1
  m_Limits:
    min: -10
    max: 10
    bounciness: 0
    bounceMinVelocity: 0.2
    contactDistance: 0
  m_BreakForce: Infinity
  m_BreakTorque: Infinity
  m_EnableCollision: 0
  m_EnablePreprocessing: 1
--- !u!1 &1839836713898436
GameObject:
  serializedVersion: 5
  m_ObjectHideFlags: 0
  m_PrefabParentObject: {fileID: 0}
  m_PrefabInternal: {fileID: 100100000}
  m_Component:
  - component: {fileID: 4809341151828919}
  - component: {fileID: 33121765344649068}
  - component: {fileID: 23541607837442423}
  - component: {fileID: 54780245748233783}
  - component: {fileID: 59594810407237302}
  - component: {fileID: 114289347996121428}
  m_Layer: 8
  m_Name: Cape
  m_TagString: Untagged
  m_Icon: {fileID: 0}
  m_NavMeshLayer: 0
  m_StaticEditorFlags: 0
  m_IsActive: 1
--- !u!4 &4809341151828919
Transform:
  m_ObjectHideFlags: 0
  m_PrefabParentObject: {fileID: 0}
  m_PrefabInternal: {fileID: 100100000}
  m_GameObject: {fileID: 1839836713898436}
  m_LocalRotation: {x: 0, y: 0, z: 0, w: 1}
  m_LocalPosition: {x: 0, y: 0, z: 0}
  m_LocalScale: {x: 1, y: 1, z: 1}
  m_Children: []
  m_Father: {fileID: 4570728233542495}
  m_RootOrder: 0
  m_LocalEulerAnglesHint: {x: 0, y: -0, z: -0}
--- !u!33 &33121765344649068
MeshFilter:
  m_ObjectHideFlags: 0
  m_PrefabParentObject: {fileID: 0}
  m_PrefabInternal: {fileID: 100100000}
  m_GameObject: {fileID: 1839836713898436}
  m_Mesh: {fileID: 4300000, guid: bb2d3619991029a49b7db9d84d326d13, type: 2}
--- !u!23 &23541607837442423
MeshRenderer:
  m_ObjectHideFlags: 0
  m_PrefabParentObject: {fileID: 0}
  m_PrefabInternal: {fileID: 100100000}
  m_GameObject: {fileID: 1839836713898436}
  m_Enabled: 1
  m_CastShadows: 1
  m_ReceiveShadows: 1
  m_MotionVectors: 1
  m_LightProbeUsage: 1
  m_ReflectionProbeUsage: 1
  m_Materials:
  - {fileID: 2100000, guid: 28a39822a374ff7489db8545658ffac7, type: 2}
  m_StaticBatchInfo:
    firstSubMesh: 0
    subMeshCount: 0
  m_StaticBatchRoot: {fileID: 0}
  m_ProbeAnchor: {fileID: 0}
  m_LightProbeVolumeOverride: {fileID: 0}
  m_ScaleInLightmap: 1
  m_PreserveUVs: 0
  m_IgnoreNormalsForChartDetection: 0
  m_ImportantGI: 0
  m_SelectedEditorRenderState: 3
  m_MinimumChartSize: 4
  m_AutoUVMaxDistance: 0.5
  m_AutoUVMaxAngle: 89
  m_LightmapParameters: {fileID: 0}
  m_SortingLayerID: 0
  m_SortingLayer: 0
  m_SortingOrder: 0
--- !u!54 &54780245748233783
Rigidbody:
  serializedVersion: 2
  m_ObjectHideFlags: 0
  m_PrefabParentObject: {fileID: 0}
  m_PrefabInternal: {fileID: 100100000}
  m_GameObject: {fileID: 1839836713898436}
  m_Mass: 0.0002
  m_Drag: 0
  m_AngularDrag: 0
  m_UseGravity: 0
  m_IsKinematic: 0
  m_Interpolate: 0
  m_Constraints: 0
  m_CollisionDetection: 0
--- !u!59 &59594810407237302
HingeJoint:
  m_ObjectHideFlags: 0
  m_PrefabParentObject: {fileID: 0}
  m_PrefabInternal: {fileID: 100100000}
  m_GameObject: {fileID: 1839836713898436}
  m_ConnectedBody: {fileID: 54804492534410539}
  m_Anchor: {x: 0, y: 0.0022730827, z: 0}
  m_Axis: {x: 1, y: 0, z: 0}
  m_AutoConfigureConnectedAnchor: 1
  m_ConnectedAnchor: {x: 0, y: 0.0022730827, z: 0}
  m_UseSpring: 1
  m_Spring:
    spring: 10
    damper: 2
    targetPosition: 0
  m_UseMotor: 0
  m_Motor:
    targetVelocity: 0
    force: 0
    freeSpin: 0
  m_UseLimits: 1
  m_Limits:
    min: -10
    max: 10
    bounciness: 0
    bounceMinVelocity: 0.2
    contactDistance: 0
  m_BreakForce: Infinity
  m_BreakTorque: Infinity
  m_EnableCollision: 0
  m_EnablePreprocessing: 1
--- !u!114 &114289347996121428
MonoBehaviour:
  m_ObjectHideFlags: 0
  m_PrefabParentObject: {fileID: 0}
  m_PrefabInternal: {fileID: 100100000}
  m_GameObject: {fileID: 1839836713898436}
  m_Enabled: 1
  m_EditorHideFlags: 0
  m_Script: {fileID: 11500000, guid: f3700d0da111cce8685dbbf79aa8cf16, type: 3}
  m_Name:
  m_EditorClassIdentifier:
  m_position: {x: 0, y: -3, z: 0}
